% Encoding: UTF-8
@article {EWW_embed,
    AUTHOR = {Ekholm, Tobias and White, Brian and Wienholtz, Daniel},
     TITLE = {Embeddedness of minimal surfaces with total boundary curvature
              at most {$4\pi$}},
   JOURNAL = {Ann. of Math. (2)},
  FJOURNAL = {Annals of Mathematics. Second Series},
    VOLUME = {155},
      YEAR = {2002},
    NUMBER = {1},
     PAGES = {209--234},
      ISSN = {0003-486X},
   MRCLASS = {53A10 (49Q05)},
  MRNUMBER = {1888799},
MRREVIEWER = {Harold Parks},
       DOI = {10.2307/3062155},
       URL = {https://doi.org/10.2307/3062155},
}
@article {CG_embed,
    AUTHOR = {Choe, Jaigyoung and Gulliver, Robert},
     TITLE = {Embedded minimal surfaces and total curvature of curves in a
              manifold},
   JOURNAL = {Math. Res. Lett.},
  FJOURNAL = {Mathematical Research Letters},
    VOLUME = {10},
      YEAR = {2003},
    NUMBER = {2-3},
     PAGES = {343--362},
      ISSN = {1073-2780},
   MRCLASS = {53A10},
  MRNUMBER = {1981908},
MRREVIEWER = {Val\'{e}rio Ramos Batista},
       DOI = {10.4310/MRL.2003.v10.n3.a5},
       URL = {https://doi.org/10.4310/MRL.2003.v10.n3.a5},
}
@article {EH_diff,
    AUTHOR = {Eberlein, P. and Heber, J.},
     TITLE = {A differential geometric characterization of symmetric spaces
              of higher rank},
   JOURNAL = {Inst. Hautes \'{E}tudes Sci. Publ. Math.},
  FJOURNAL = {Institut des Hautes \'{E}tudes Scientifiques. Publications
              Math\'{e}matiques},
    NUMBER = {71},
      YEAR = {1990},
     PAGES = {33--44},
      ISSN = {0073-8301},
   MRCLASS = {53C20 (53C23)},
  MRNUMBER = {1079642},
MRREVIEWER = {Midori Goto},
       URL = {http://www.numdam.org/item?id=PMIHES_1990__71__33_0},
}
	
@article {BL_building,
    AUTHOR = {Balser, A. and Lytchak, A.},
     TITLE = {Building-like spaces},
   JOURNAL = {J. Math. Kyoto Univ.},
  FJOURNAL = {Journal of Mathematics of Kyoto University},
    VOLUME = {46},
      YEAR = {2006},
    NUMBER = {4},
     PAGES = {789--804},
      ISSN = {0023-608X},
   MRCLASS = {53C23},
  MRNUMBER = {2320351},
MRREVIEWER = {Koichi Nagano},
       DOI = {10.1215/kjm/1250281604},
       URL = {https://doi.org/10.1215/kjm/1250281604},
}
@article {La_currents,
    AUTHOR = {Lang, U.},
     TITLE = {Local currents in metric spaces},
   JOURNAL = {J. Geom. Anal.},
  FJOURNAL = {Journal of Geometric Analysis},
    VOLUME = {21},
      YEAR = {2011},
    NUMBER = {3},
     PAGES = {683--742},
      ISSN = {1050-6926},
   MRCLASS = {49Q15},
  MRNUMBER = {2810849},
       DOI = {10.1007/s12220-010-9164-x},
       URL = {https://doi.org/10.1007/s12220-010-9164-x},
}
@article {AB_amenable,
    AUTHOR = {Adams, S. and Ballmann, W.},
     TITLE = {Amenable isometry groups of {H}adamard spaces},
   JOURNAL = {Math. Ann.},
  FJOURNAL = {Mathematische Annalen},
    VOLUME = {312},
      YEAR = {1998},
    NUMBER = {1},
     PAGES = {183--195},
      ISSN = {0025-5831},
   MRCLASS = {53C20},
  MRNUMBER = {1645958},
MRREVIEWER = {Andrea Sambusetti},
       DOI = {10.1007/s002080050218},
       URL = {https://doi.org/10.1007/s002080050218},
}
@article {LaWe_loc,
    AUTHOR = {Lang, U. and Wenger, S.},
     TITLE = {The pointed flat compactness theorem for locally integral
              currents},
   JOURNAL = {Comm. Anal. Geom.},
  FJOURNAL = {Communications in Analysis and Geometry},
    VOLUME = {19},
      YEAR = {2011},
    NUMBER = {1},
     PAGES = {159--189},
      ISSN = {1019-8385},
   MRCLASS = {58A25 (49Q15 53C65)},
  MRNUMBER = {2818408},
MRREVIEWER = {Luca Granieri},
       DOI = {10.4310/CAG.2011.v19.n1.a5},
       URL = {https://doi.org/10.4310/CAG.2011.v19.n1.a5},
}
@article {W_compact,
    AUTHOR = {Wenger, S.},
     TITLE = {Compactness for manifolds and integral currents with bounded
              diameter and volume},
   JOURNAL = {Calc. Var. Partial Differential Equations},
  FJOURNAL = {Calculus of Variations and Partial Differential Equations},
    VOLUME = {40},
      YEAR = {2011},
    NUMBER = {3-4},
     PAGES = {423--448},
      ISSN = {0944-2669},
   MRCLASS = {49Q15 (53C23)},
  MRNUMBER = {2764913},
MRREVIEWER = {Marie A. Snipes},
       DOI = {10.1007/s00526-010-0346-y},
       URL = {https://doi.org/10.1007/s00526-010-0346-y},
}
@article {CL_metric,
    AUTHOR = {Charney, R. and Lytchak, A.},
     TITLE = {Metric characterizations of spherical and {E}uclidean
              buildings},
   JOURNAL = {Geom. Topol.},
  FJOURNAL = {Geometry and Topology},
    VOLUME = {5},
      YEAR = {2001},
     PAGES = {521--550},
      ISSN = {1465-3060},
   MRCLASS = {51E24 (20E42 20F65)},
  MRNUMBER = {1833752},
MRREVIEWER = {Linus K. H. Kramer},
       DOI = {10.2140/gt.2001.5.521},
       URL = {https://doi.org/10.2140/gt.2001.5.521},
}
@article {BBS_structure,
    AUTHOR = {Ballmann, W. and Brin, M. and Spatzier, R.},
     TITLE = {Structure of manifolds of nonpositive curvature. {II}},
   JOURNAL = {Ann. of Math. (2)},
  FJOURNAL = {Annals of Mathematics. Second Series},
    VOLUME = {122},
      YEAR = {1985},
    NUMBER = {2},
     PAGES = {205--235},
      ISSN = {0003-486X},
   MRCLASS = {58F17 (53C20)},
  MRNUMBER = {808219},
MRREVIEWER = {Midori Goto},
       DOI = {10.2307/1971303},
       URL = {https://doi.org/10.2307/1971303},
}
		

@article {BBE_structure,
    AUTHOR = {Ballmann, W. and Brin, M. and Eberlein, P.},
     TITLE = {Structure of manifolds of nonpositive curvature. {I}},
   JOURNAL = {Ann. of Math. (2)},
  FJOURNAL = {Annals of Mathematics. Second Series},
    VOLUME = {122},
      YEAR = {1985},
    NUMBER = {1},
     PAGES = {171--203},
      ISSN = {0003-486X},
   MRCLASS = {58F17 (53C20)},
  MRNUMBER = {799256},
MRREVIEWER = {Midori Goto},
       DOI = {10.2307/1971373},
       URL = {https://doi.org/10.2307/1971373},
}
		
@article {HK,
    AUTHOR = {Hruska, G. C. and Kleiner, B.},
     TITLE = {Hadamard spaces with isolated flats},
      NOTE = {With an appendix by the authors and M. Hindawi},
   JOURNAL = {Geom. Topol.},
  FJOURNAL = {Geometry and Topology},
    VOLUME = {9},
      YEAR = {2005},
     PAGES = {1501--1538},
      ISSN = {1465-3060},
   MRCLASS = {20F67 (20F69)},
  MRNUMBER = {2175151},
MRREVIEWER = {Daniel P. Groves},
       DOI = {10.2140/gt.2005.9.1501},
       URL = {https://doi.org/10.2140/gt.2005.9.1501},
}
@article {PR_cartan,
    AUTHOR = {Prasad, G. and Raghunathan, M. S.},
     TITLE = {Cartan subgroups and lattices in semi-simple groups},
   JOURNAL = {Ann. of Math. (2)},
  FJOURNAL = {Annals of Mathematics. Second Series},
    VOLUME = {96},
      YEAR = {1972},
     PAGES = {296--317},
      ISSN = {0003-486X},
   MRCLASS = {22E40 (53C30)},
  MRNUMBER = {302822},
MRREVIEWER = {J. A. Wolf},
       DOI = {10.2307/1970790},
       URL = {https://doi.org/10.2307/1970790},
}
@book {Mos_rigidity,
    AUTHOR = {Mostow, G. D.},
     TITLE = {Strong rigidity of locally symmetric spaces},
    SERIES = {Annals of Mathematics Studies, No. 78},
 PUBLISHER = {Princeton University Press, Princeton, N.J.; University of
              Tokyo Press, Tokyo},
      YEAR = {1973},
     PAGES = {v+195},
   MRCLASS = {22E40 (53C35)},
  MRNUMBER = {0385004},
MRREVIEWER = {M. S. Raghunathan},
}
@article {BaBr_orbi,
    AUTHOR = {Ballmann, W. and Brin, M.},
     TITLE = {Orbihedra of nonpositive curvature},
   JOURNAL = {Inst. Hautes \'{E}tudes Sci. Publ. Math.},
  FJOURNAL = {Institut des Hautes \'{E}tudes Scientifiques. Publications
              Math\'{e}matiques},
    NUMBER = {82},
      YEAR = {1995},
     PAGES = {169--209 (1996)},
      ISSN = {0073-8301},
   MRCLASS = {53C23 (53C20 57M20)},
  MRNUMBER = {1383216},
MRREVIEWER = {Ralf J. Spatzier},
       URL = {http://www.numdam.org/item?id=PMIHES_1995__82__169_0},
}
@incollection {BaBu_periodic,
    AUTHOR = {Ballmann, W. and Buyalo, S.},
     TITLE = {Periodic rank one geodesics in {H}adamard spaces},
 BOOKTITLE = {Geometric and probabilistic structures in dynamics},
    SERIES = {Contemp. Math.},
    VOLUME = {469},
     PAGES = {19--27},
 PUBLISHER = {Amer. Math. Soc., Providence, RI},
      YEAR = {2008},
   MRCLASS = {53C24 (20F67 53C22 53D25)},
  MRNUMBER = {2478464},
MRREVIEWER = {Koichi Nagano},
       DOI = {10.1090/conm/469/09159},
       URL = {https://doi.org/10.1090/conm/469/09159},
}

@article {Kramer,
    AUTHOR = {Kramer, L.},
     TITLE = {On the local structure and the homology of {${\rm
              CAT}(\kappa)$} spaces and {E}uclidean buildings},
   JOURNAL = {Adv. Geom.},
  FJOURNAL = {Advances in Geometry},
    VOLUME = {11},
      YEAR = {2011},
    NUMBER = {2},
     PAGES = {347--369},
      ISSN = {1615-715X},
   MRCLASS = {54C55 (51E24 57M50)},
  MRNUMBER = {2795430},
MRREVIEWER = {Pierre-Emmanuel Caprace},
       DOI = {10.1515/ADVGEOM.2010.049},
       URL = {https://doi.org/10.1515/ADVGEOM.2010.049},
}
@book {DK_ggt,
    AUTHOR = {Dru\c{t}u, C. and Kapovich, M.},
     TITLE = {Geometric group theory},
    SERIES = {American Mathematical Society Colloquium Publications},
    VOLUME = {63},
      NOTE = {With an appendix by Bogdan Nica},
 PUBLISHER = {American Mathematical Society, Providence, RI},
      YEAR = {2018},
     PAGES = {xx+819},
      ISBN = {978-1-4704-1104-6},
   MRCLASS = {20F65 (20E08 20F05 20F16 20F18 20F67 20F69 57M07)},
  MRNUMBER = {3753580},
MRREVIEWER = {Igor Belegradek},
       DOI = {10.1090/coll/063},
       URL = {https://doi.org/10.1090/coll/063},
}
@article {CaLy,
    AUTHOR = {Caprace, P.-E. and Lytchak, A.},
     TITLE = {At infinity of finite-dimensional {CAT}(0) spaces},
   JOURNAL = {Math. Ann.},
  FJOURNAL = {Mathematische Annalen},
    VOLUME = {346},
      YEAR = {2010},
    NUMBER = {1},
     PAGES = {1--21},
      ISSN = {0025-5831},
   MRCLASS = {53C23 (20F65)},
  MRNUMBER = {2558883},
MRREVIEWER = {Hanspeter Fischer},
       DOI = {10.1007/s00208-009-0381-1},
       URL = {https://doi.org/10.1007/s00208-009-0381-1},
}
@article{Ka_problems,
    author = {Kapovich, M.},
    title = {PROBLEMS ON BOUNDARIES OF GROUPS AND {K}LEINIAN GROUPS},
		journal = {AIM, https://aimath.org/WWN/groupboundaries/groupboundaries.pdf},
    year = {2005},
}

@article {LMO,
    AUTHOR = {Lim, S. and Memoli, F. and Okutan, O. B.},
     TITLE = {{V}ietoris-{R}ips persistent homology, injective metric spaces, and the filling radius},
   JOURNAL = {arXiv:2001.07588},
  FJOURNAL = {},
    VOLUME = {},
      YEAR = {2020},
}

@article {HKS_I,
    AUTHOR = {Huang, J. and Kleiner, B. and Stadler, S.},
     TITLE = {{M}orse {Q}uasiflats {I}},
   JOURNAL = {J. Reine Angew. Math., to appear},
  FJOURNAL = {},
    VOLUME = {},
      YEAR = {2022},
}
@article {Ricks_1D,
    AUTHOR = {Ricks, Russell},
     TITLE = {A rank rigidity result for {CAT}(0) spaces with
              one-dimensional {T}its boundaries},
   JOURNAL = {Forum Math.},
  FJOURNAL = {Forum Mathematicum},
    VOLUME = {31},
      YEAR = {2019},
    NUMBER = {5},
     PAGES = {1317--1330},
      ISSN = {0933-7741},
   MRCLASS = {53C23 (20F65 53C24)},
  MRNUMBER = {4000590},
MRREVIEWER = {Bijan Ahmadi Kakavandi},
       DOI = {10.1515/forum-2018-0133},
       URL = {https://doi.org/10.1515/forum-2018-0133},
}


@article {AKP,
    AUTHOR = {Alexander, S. and Kapovitch, V. and Petrunin, A.},
     TITLE = {Alexandrov geometry: preliminary version no. 1},
   JOURNAL = {arXiv:1903.08539},
  FJOURNAL = {},
    VOLUME = {},
      YEAR = {2019},
}


@article {RS,
    AUTHOR = {Riedweg, C. and Sch\"appi, D.},
     TITLE = {Singular ({L}ipschitz) homology and homology of integral currents},
   JOURNAL = {arXiv:0902.3831},
  FJOURNAL = {},
    VOLUME = {},
      YEAR = {2009},
}
@article {Ber,
    AUTHOR = {Berestovski\u{\i}, V. N.},
     TITLE = {Pathologies in {A}lexandrov spaces with curvature bounded
              above},
   JOURNAL = {Siberian Adv. Math.},
  FJOURNAL = {Siberian Advances in Mathematics},
    VOLUME = {12},
      YEAR = {2002},
    NUMBER = {4},
     PAGES = {1--18 (2003)},
      ISSN = {1055-1344},
   MRCLASS = {53C23},
  MRNUMBER = {1984634},
MRREVIEWER = {S\'{e}rgio J. Mendon\c{c}a},
}
@article {LN_gcba,
    AUTHOR = {Lytchak, A. and Nagano, K.},
     TITLE = {Geodesically complete spaces with an upper curvature bound},
   JOURNAL = {Geom. Funct. Anal.},
  FJOURNAL = {Geometric and Functional Analysis},
    VOLUME = {29},
      YEAR = {2019},
    NUMBER = {1},
     PAGES = {295--342},
      ISSN = {1016-443X},
   MRCLASS = {53C23 (53C20 53C21)},
  MRNUMBER = {3925112},
       DOI = {10.1007/s00039-019-00483-7},
       URL = {https://doi.org/10.1007/s00039-019-00483-7},
}

@article {LS_conf,
    AUTHOR = {Lytchak, A. and Stadler, S.},
     TITLE = {Conformal deformations of {$\rm CAT(0)$} spaces},
   JOURNAL = {Math. Ann.},
  FJOURNAL = {Mathematische Annalen},
    VOLUME = {373},
      YEAR = {2019},
    NUMBER = {1-2},
     PAGES = {155--163},
      ISSN = {0025-5831},
   MRCLASS = {53C23 (53C20 58E20)},
  MRNUMBER = {3968869},
MRREVIEWER = {Mikhail G. Katz},
       DOI = {10.1007/s00208-018-1703-y},
       URL = {https://doi.org/10.1007/s00208-018-1703-y},
}
@article {LS_improv,
    AUTHOR = {Lytchak, A. and Stadler, S.},
     TITLE = {Improvements of upper curvature bounds},
   JOURNAL = {Trans. Amer. Math. Soc.},
  FJOURNAL = {Transactions of the American Mathematical Society},
    VOLUME = {373},
      YEAR = {2020},
    NUMBER = {10},
     PAGES = {7153--7166},
      ISSN = {0002-9947},
   MRCLASS = {53C20 (53C23 58E20)},
  MRNUMBER = {4155203},
       DOI = {10.1090/tran/8123},
       URL = {https://doi.org/10.1090/tran/8123},
}
@article{KS,
	Author = {Korevaar, N. and Schoen, R.},
	Fjournal = {Communications in Analysis and Geometry},
	Issn = {1019-8385},
	Journal = {Comm. Anal. Geom.},
	Mrclass = {58E20 (46E35)},
	Mrnumber = {1266480 (95b:58043)},
	Mrreviewer = {Guojun Liao},
	Number = {3-4},
	Pages = {561--659},
	Title = {Sobolev spaces and harmonic maps for metric space targets},
	Volume = {1},
	Year = {1993}}

@article {BKS,
    AUTHOR = {Bestvina, M. and Kleiner, B. and Sageev, M.},
     TITLE = {Quasiflats in {${\rm CAT}(0)$} 2-complexes},
   JOURNAL = {Algebr. Geom. Topol.},
  FJOURNAL = {Algebraic \& Geometric Topology},
    VOLUME = {16},
      YEAR = {2016},
    NUMBER = {5},
     PAGES = {2663--2676},
      ISSN = {1472-2747},
   MRCLASS = {20F65 (57M20)},
  MRNUMBER = {3572343},
MRREVIEWER = {Michael L. Mihalik},
       DOI = {10.2140/agt.2016.16.2663},
       URL = {https://doi.org/10.2140/agt.2016.16.2663},
}
@article {H,
    AUTHOR = {Huang, J.},
     TITLE = {Top-dimensional quasiflats in {$\rm CAT(0)$} cube complexes},
   JOURNAL = {Geom. Topol.},
  FJOURNAL = {Geometry \& Topology},
    VOLUME = {21},
      YEAR = {2017},
    NUMBER = {4},
     PAGES = {2281--2352},
      ISSN = {1465-3060},
   MRCLASS = {20F67 (20E42 20F36 20F65)},
  MRNUMBER = {3654109},
       DOI = {10.2140/gt.2017.21.2281},
       URL = {https://doi.org/10.2140/gt.2017.21.2281},
}
@article {Ricks,
    AUTHOR = {Ricks, R.},
     TITLE = {Closed subsets of a {CAT}(0) 2-complex are intrinsically {CAT}(0)},
   JOURNAL = {arXiv:1909.00048, to appear in Algebr. Geom. Topol.},
  FJOURNAL = {},
    VOLUME = {},
      YEAR = {2021},
    NUMBER = {},
     PAGES = {},
      ISSN = {},
   MRCLASS = {},
  MRNUMBER = {},
       DOI = {},
       URL = {},
}
@article {Ri_rank,
    AUTHOR = {Ricks, Russell},
     TITLE = {A rank rigidity result for {CAT}(0) spaces with
              one-dimensional {T}its boundaries},
   JOURNAL = {Forum Math.},
  FJOURNAL = {Forum Mathematicum},
    VOLUME = {31},
      YEAR = {2019},
    NUMBER = {5},
     PAGES = {1317--1330},
      ISSN = {0933-7741},
   MRCLASS = {53C23 (20F65 53C24)},
  MRNUMBER = {4000590},
MRREVIEWER = {Bijan Ahmadi Kakavandi},
       DOI = {10.1515/forum-2018-0133},
       URL = {https://doi.org/10.1515/forum-2018-0133},
}


@article {Ricks_planar,
    AUTHOR = {Ricks, R.},
     TITLE = {Planar subspaces are intrinsically {CAT}(0)},
   JOURNAL = {Tsukuba J. Math.},
  FJOURNAL = {Tsukuba Journal of Mathematics},
    VOLUME = {44},
      YEAR = {2020},
    NUMBER = {1},
     PAGES = {139--153},
      ISSN = {0387-4982},
   MRCLASS = {53C45 (53C22)},
  MRNUMBER = {4194196},
       DOI = {10.21099/tkbjm/20204401139},
       URL = {https://doi.org/10.21099/tkbjm/20204401139},
}


@article{LP,
	Author = {Lytchak, A. and Petrunin, A.},
	Fjournal = {},
	Issn = {},
	Journal = {arXiv:2002.09762, to appear in Proc. Amer. Math. Soc.},
	Mrclass = {},
	Mrnumber = {},
	Mrreviewer = {},
	Number = {},
	Pages = {},
	Title = {Short retractions of {CAT}(1) spaces},
	Volume = {},
	Year = {2020}}

	@article {LR,
    AUTHOR = {Leeb, B. and Ramos-Cuevas, C.},
     TITLE = {The center conjecture for spherical buildings of types {$F_4$}
              and {$E_6$}},
   JOURNAL = {Geom. Funct. Anal.},
  FJOURNAL = {Geometric and Functional Analysis},
    VOLUME = {21},
      YEAR = {2011},
    NUMBER = {3},
     PAGES = {525--559},
      ISSN = {1016-443X},
   MRCLASS = {51E24 (20E42 51K10)},
  MRNUMBER = {2810858},
MRREVIEWER = {Guy Rousseau},
       DOI = {10.1007/s00039-011-0118-7},
       URL = {https://doi.org/10.1007/s00039-011-0118-7},
}
@book {Leeb,
    AUTHOR = {Leeb, B.},
     TITLE = {A characterization of irreducible symmetric spaces and
              {E}uclidean buildings of higher rank by their asymptotic
              geometry},
    SERIES = {Bonner Mathematische Schriften [Bonn Mathematical
              Publications]},
    VOLUME = {326},
 PUBLISHER = {Universit\"{a}t Bonn, Mathematisches Institut, Bonn},
      YEAR = {2000},
     PAGES = {ii+42},
   MRCLASS = {53C24 (51E24)},
  MRNUMBER = {1934160},
MRREVIEWER = {Ralf J. Spatzier},
}

@article {Ohta-2,
    AUTHOR = {Ohta, S.},
     TITLE = {Gradient flows on {W}asserstein spaces over compact
              {A}lexandrov spaces},
   JOURNAL = {Amer. J. Math.},
  FJOURNAL = {American Journal of Mathematics},
    VOLUME = {131},
      YEAR = {2009},
    NUMBER = {2},
     PAGES = {475--516},
      ISSN = {0002-9327},
   MRCLASS = {53C23 (49Q20)},
  MRNUMBER = {2503990},
MRREVIEWER = {C\'{e}dric Villani},
       DOI = {10.1353/ajm.0.0048},
       URL = {https://doi.org/10.1353/ajm.0.0048},
}
		

@article {Kendall,
    AUTHOR = {Kendall, W.},
     TITLE = {Convexity and the hemisphere},
   JOURNAL = {J. London Math. Soc. (2)},
  FJOURNAL = {Journal of the London Mathematical Society. Second Series},
    VOLUME = {43},
      YEAR = {1991},
    NUMBER = {3},
     PAGES = {567--576},
      ISSN = {0024-6107},
   MRCLASS = {58C05 (53C20 58G32)},
  MRNUMBER = {1113394},
MRREVIEWER = {Helmut Kaul},
       DOI = {10.1112/jlms/s2-43.3.567},
       URL = {https://doi.org/10.1112/jlms/s2-43.3.567},
}
		



@article {Yokota,
    AUTHOR = {Yokota, T.},
     TITLE = {Convex functions and barycenter on {CAT}(1)-spaces of small
              radii},
   JOURNAL = {J. Math. Soc. Japan},
  FJOURNAL = {Journal of the Mathematical Society of Japan},
    VOLUME = {68},
      YEAR = {2016},
    NUMBER = {3},
     PAGES = {1297--1323},
      ISSN = {0025-5645},
   MRCLASS = {53C23},
  MRNUMBER = {3523548},
MRREVIEWER = {Bo\.{z}ena Pi\polhk atek},
       DOI = {10.2969/jmsj/06831297},
       URL = {https://doi.org/10.2969/jmsj/06831297},
}


@article {Ishihara,
    AUTHOR = {Ishihara, T\^{o}ru},
     TITLE = {A mapping of {R}iemannian manifolds which preserves harmonic
              functions},
   JOURNAL = {J. Math. Kyoto Univ.},
  FJOURNAL = {Journal of Mathematics of Kyoto University},
    VOLUME = {19},
      YEAR = {1979},
    NUMBER = {2},
     PAGES = {215--229},
      ISSN = {0023-608X},
   MRCLASS = {58E20 (31C12)},
  MRNUMBER = {545705},
MRREVIEWER = {John C. Wood},
       DOI = {10.1215/kjm/1250522428},
       URL = {https://doi.org/10.1215/kjm/1250522428},
}


@article {Fuglede-reg,
    AUTHOR = {Fuglede, B.},
     TITLE = {Harmonic maps from {R}iemannian polyhedra to geodesic spaces
              with curvature bounded from above},
   JOURNAL = {Calc. Var. Partial Differential Equations},
  FJOURNAL = {Calculus of Variations and Partial Differential Equations},
    VOLUME = {31},
      YEAR = {2008},
    NUMBER = {1},
     PAGES = {99--136},
      ISSN = {0944-2669},
   MRCLASS = {58E20 (49N60 53C21)},
  MRNUMBER = {2342616},
MRREVIEWER = {Nageswari Shanmugalingam},
       DOI = {10.1007/s00526-007-0107-8},
       URL = {https://doi.org/10.1007/s00526-007-0107-8},
}
		


@article {Ohta,
    AUTHOR = {Ohta, S. and P\'{a}lfia, M.},
     TITLE = {Gradient flows and a {T}rotter-{K}ato formula of semi-convex
              functions on {${\rm CAT}(1)$}-spaces},
   JOURNAL = {Amer. J. Math.},
  FJOURNAL = {American Journal of Mathematics},
    VOLUME = {139},
      YEAR = {2017},
    NUMBER = {4},
     PAGES = {937--965},
      ISSN = {0002-9327},
   MRCLASS = {53D25 (53C23)},
  MRNUMBER = {3689321},
       DOI = {10.1353/ajm.2017.0025},
       URL = {https://doi.org/10.1353/ajm.2017.0025},
}
		
@article {Mese-curvature,
    AUTHOR = {Mese, C.},
     TITLE = {The curvature of minimal surfaces in singular spaces},
   JOURNAL = {Comm. Anal. Geom.},
  FJOURNAL = {Communications in Analysis and Geometry},
    VOLUME = {9},
      YEAR = {2001},
    NUMBER = {1},
     PAGES = {3--34},
      ISSN = {1019-8385},
   MRCLASS = {53A10},
  MRNUMBER = {1807950},
MRREVIEWER = {S\'{e}rgio J. Mendon\c{c}a},
       DOI = {10.4310/CAG.2001.v9.n1.a1},
       URL = {https://doi.org/10.4310/CAG.2001.v9.n1.a1},
}

@article {Mese-boundary,
    AUTHOR = {Mese, C.},
     TITLE = {Some properties of minimal surfaces in singular spaces},
   JOURNAL = {Trans. Amer. Math. Soc.},
  FJOURNAL = {Transactions of the American Mathematical Society},
    VOLUME = {352},
      YEAR = {2000},
    NUMBER = {9},
     PAGES = {3957--3969},
      ISSN = {0002-9947},
   MRCLASS = {58E12 (49Q05 53A10)},
  MRNUMBER = {1661254},
MRREVIEWER = {Fei-Tsen Liang},
       DOI = {10.1090/S0002-9947-00-02481-8},
       URL = {https://doi.org/10.1090/S0002-9947-00-02481-8},
}
		

@article {Mese-general,
    AUTHOR = {Daskalopoulos, G. and Mese, C.},
     TITLE = {Harmonic maps between singular spaces {I}},
   JOURNAL = {Comm. Anal. Geom.},
  FJOURNAL = {Communications in Analysis and Geometry},
    VOLUME = {18},
      YEAR = {2010},
    NUMBER = {2},
     PAGES = {257--337},
      ISSN = {1019-8385},
   MRCLASS = {58E20 (57Q05)},
  MRNUMBER = {2672235},
MRREVIEWER = {Alain Valette},
       DOI = {10.4310/CAG.2010.v18.n2.a2},
       URL = {https://doi.org/10.4310/CAG.2010.v18.n2.a2},
}


@article {Chen,
    AUTHOR = {Chen, J.},
     TITLE = {On energy minimizing mappings between and into singular
              spaces},
   JOURNAL = {Duke Math. J.},
  FJOURNAL = {Duke Mathematical Journal},
    VOLUME = {79},
      YEAR = {1995},
    NUMBER = {1},
     PAGES = {77--99},
      ISSN = {0012-7094},
   MRCLASS = {58E20},
  MRNUMBER = {1340295},
MRREVIEWER = {Caio J. C. Negreiros},
       DOI = {10.1215/S0012-7094-95-07903-4},
       URL = {https://doi.org/10.1215/S0012-7094-95-07903-4},
}
		
@article {LWcurv,
    AUTHOR = {Lytchak, A. and Wenger, S.},
     TITLE = {Isoperimetric characterization of upper curvature bounds},
   JOURNAL = {Acta Math.},
  FJOURNAL = {Acta Mathematica},
    VOLUME = {221},
      YEAR = {2018},
    NUMBER = {1},
     PAGES = {159--202},
      ISSN = {0001-5962},
   MRCLASS = {49Q05 (53C23)},
  MRNUMBER = {3877021},
MRREVIEWER = {Andrew Bucki},
       DOI = {10.4310/ACTA.2018.v221.n1.a5},
       URL = {https://doi.org/10.4310/ACTA.2018.v221.n1.a5},
}
		

@article {LWint,
    AUTHOR = {Lytchak, A. and Wenger, S.},
     TITLE = {Intrinsic structure of minimal discs in metric spaces},
   JOURNAL = {Geom. Topol.},
  FJOURNAL = {Geometry \& Topology},
    VOLUME = {22},
      YEAR = {2018},
    NUMBER = {1},
     PAGES = {591--644},
      ISSN = {1465-3060},
   MRCLASS = {49Q05 (53A10 53C23)},
  MRNUMBER = {3720351},
MRREVIEWER = {Andrew Bucki},
       DOI = {10.2140/gt.2018.22.591},
       URL = {https://doi.org/10.2140/gt.2018.22.591},
}

@article {SW_periodic,
    AUTHOR = {Sageev, M. and Wise, D. T.},
     TITLE = {Periodic flats in {${\rm CAT}(0)$} cube complexes},
   JOURNAL = {Algebr. Geom. Topol.},
  FJOURNAL = {Algebraic \& Geometric Topology},
    VOLUME = {11},
      YEAR = {2011},
    NUMBER = {3},
     PAGES = {1793--1820},
      ISSN = {1472-2747},
   MRCLASS = {20F67 (20F65 57M07)},
  MRNUMBER = {2821442},
MRREVIEWER = {Michael L. Mihalik},
       DOI = {10.2140/agt.2011.11.1793},
       URL = {https://doi.org/10.2140/agt.2011.11.1793},
}		
@article {LW_plateau,
    AUTHOR = {Lytchak, A. and Wenger, S.},
     TITLE = {Area minimizing discs in metric spaces},
   JOURNAL = {Arch. Ration. Mech. Anal.},
  FJOURNAL = {Archive for Rational Mechanics and Analysis},
    VOLUME = {223},
      YEAR = {2017},
    NUMBER = {3},
     PAGES = {1123--1182},
      ISSN = {0003-9527},
   MRCLASS = {49Q05},
  MRNUMBER = {3594354},
MRREVIEWER = {Giandomenico Orlandi},
       DOI = {10.1007/s00205-016-1054-3},
       URL = {https://doi.org/10.1007/s00205-016-1054-3},
}

@article {Mayer,
    AUTHOR = {Mayer, U.},
     TITLE = {Gradient flows on nonpositively curved metric spaces and
              harmonic maps},
   JOURNAL = {Comm. Anal. Geom.},
  FJOURNAL = {Communications in Analysis and Geometry},
    VOLUME = {6},
      YEAR = {1998},
    NUMBER = {2},
     PAGES = {199--253},
      ISSN = {1019-8385},
   MRCLASS = {58E20 (53C21)},
  MRNUMBER = {1651416},
MRREVIEWER = {Raul Quiroga-Barranco},
       DOI = {10.4310/CAG.1998.v6.n2.a1},
       URL = {https://doi.org/10.4310/CAG.1998.v6.n2.a1},
}
@article {KP_aperiodic,
    AUTHOR = {Kari, J. and Papasoglu, P.},
     TITLE = {Deterministic aperiodic tile sets},
   JOURNAL = {Geom. Funct. Anal.},
  FJOURNAL = {Geometric and Functional Analysis},
    VOLUME = {9},
      YEAR = {1999},
    NUMBER = {2},
     PAGES = {353--369},
      ISSN = {1016-443X},
   MRCLASS = {52C23 (05B40 20F67 57M50)},
  MRNUMBER = {1692474},
MRREVIEWER = {Mihail N. Kolountzakis},
       DOI = {10.1007/s000390050090},
       URL = {https://doi.org/10.1007/s000390050090},
}
@incollection {G_asym,
    AUTHOR = {Gromov, M.},
     TITLE = {Asymptotic invariants of infinite groups},
 BOOKTITLE = {Geometric group theory, {V}ol. 2 ({S}ussex, 1991)},
    SERIES = {London Math. Soc. Lecture Note Ser.},
    VOLUME = {182},
     PAGES = {1--295},
 PUBLISHER = {Cambridge Univ. Press, Cambridge},
      YEAR = {1993},
   MRCLASS = {20F32 (57M07)},
  MRNUMBER = {1253544},
}
@incollection {G_hyp,
    AUTHOR = {Gromov, M.},
     TITLE = {Hyperbolic groups},
 BOOKTITLE = {Essays in group theory},
    SERIES = {Math. Sci. Res. Inst. Publ.},
    VOLUME = {8},
     PAGES = {75--263},
 PUBLISHER = {Springer, New York},
      YEAR = {1987},
   MRCLASS = {20F32 (20F06 20F10 22E40 53C20 57R75 58F17)},
  MRNUMBER = {919829},
MRREVIEWER = {Christopher W. Stark},
       DOI = {10.1007/978-1-4613-9586-7\_3},
       URL = {https://doi.org/10.1007/978-1-4613-9586-7_3},
}
@article {W_asym,
    AUTHOR = {Wenger, S.},
     TITLE = {The asymptotic rank of metric spaces},
   JOURNAL = {Comment. Math. Helv.},
  FJOURNAL = {Commentarii Mathematici Helvetici. A Journal of the Swiss
              Mathematical Society},
    VOLUME = {86},
      YEAR = {2011},
    NUMBER = {2},
     PAGES = {247--275},
      ISSN = {0010-2571},
   MRCLASS = {53C23 (49Q15)},
  MRNUMBER = {2775129},
MRREVIEWER = {Enrico Leuzinger},
       DOI = {10.4171/CMH/223},
       URL = {https://doi.org/10.4171/CMH/223},
}

@book {AGS,
    AUTHOR = {Ambrosio, L. and Gigli, N. and Savar\'{e}, G.},
     TITLE = {Gradient flows in metric spaces and in the space of
              probability measures},
    SERIES = {Lectures in Mathematics ETH Z\"{u}rich},
 PUBLISHER = {Birkh\"{a}user Verlag, Basel},
      YEAR = {2005},
     PAGES = {viii+333},
      ISBN = {978-3-7643-2428-5; 3-7643-2428-7},
   MRCLASS = {49-02 (28A33 35K55 35K90 49Q20 60B10)},
  MRNUMBER = {2129498},
}
				

@article {AB,
    AUTHOR = {Alexander, S. and  Bishop, R.},
     TITLE = {Curvature bounds for wrapped products in metrics spaces},
   JOURNAL = {Geom. Funct. Anal.},
  FJOURNAL = {},
    VOLUME = {14},
      YEAR = {2004},
    NUMBER = {},
     PAGES = {1143-1181},
      ISSN = {},
     CODEN = {},
   MRCLASS = {},
  MRNUMBER = {},
MRREVIEWER = {},
}

@book {AKP_inv,
    AUTHOR = {Alexander, S. and Kapovitch, V. and Petrunin,
              A.},
     TITLE = {An invitation to {A}lexandrov geometry},
    SERIES = {SpringerBriefs in Mathematics},
      YEAR = {2019},
     PAGES = {xii+88},
      ISBN = {978-3-030-05311-6; 978-3-030-05312-3},
   MRCLASS = {53C23 (51F99 53C20 53C45 53C70)},
  MRNUMBER = {3930625},
MRREVIEWER = {Loreno Heer},
       DOI = {10.1007/978-3-030-05312-3},
       URL = {https://doi.org/10.1007/978-3-030-05312-3},
}



@article {GPW-erratum,
    AUTHOR = {Grove, K. and Petersen, P. and Wu, J.},
     TITLE = {Erratum: ``{G}eometric finiteness theorems via controlled
              topology'' [{I}nvent. {M}ath. {\bf 99} (1990), no. 1,
              205--213; {MR}1029396 (90k:53075)]},
   JOURNAL = {Invent. Math.},
  FJOURNAL = {Inventiones Mathematicae},
    VOLUME = {104},
      YEAR = {1991},
    NUMBER = {1},
     PAGES = {221--222},
      ISSN = {0020-9910},
   MRCLASS = {53C23 (57N15)},
  MRNUMBER = {1094053},
MRREVIEWER = {Gudlaugur Thorbergsson},
       DOI = {10.1007/BF01245073},
       URL = {https://doi.org/10.1007/BF01245073},
}
		
@article {AF_contra,
    AUTHOR = {Adiprasito, K. and Funa, L.},
     TITLE = {{CAT}(0) metrics on contractible manifolds},
   JOURNAL = {In preparation},
}
@article {Ka_filling,
    AUTHOR = {Katz, M.},
     TITLE = {The filling radius of two-point homogeneous spaces},
   JOURNAL = {J. Differential Geom.},
  FJOURNAL = {Journal of Differential Geometry},
    VOLUME = {18},
      YEAR = {1983},
    NUMBER = {3},
     PAGES = {505--511},
      ISSN = {0022-040X},
   MRCLASS = {53C20 (53C35)},
  MRNUMBER = {723814},
MRREVIEWER = {Rolf Sulanke},
       URL = {http://projecteuclid.org/euclid.jdg/1214437785},
}


@article {Bermanifold,
    AUTHOR = {Berestovski\u\i , V. },
     TITLE = {Busemann spaces with upper-bounded {A}leksandrov curvature},
   JOURNAL = {Algebra i Analiz},
  FJOURNAL = {Rossi\u\i skaya Akademiya Nauk. Algebra i Analiz},
    VOLUME = {14},
      YEAR = {2002},
    NUMBER = {5},
     PAGES = {3--18},
		 ISSN = {0234-0852},
   MRCLASS = {53C70 (53C23)},
  MRNUMBER = {1970330},
}


@article {knagano3,
    AUTHOR = {Nagano, K.},
     TITLE = {A sphere theorem for 2-dimensional {CAT}(1)-spaces},
   JOURNAL = {Pacific J. Math.},
  FJOURNAL = {Pacific Journal of Mathematics},
    VOLUME = {206},
      YEAR = {2002},
    NUMBER = {2},
     PAGES = {401--423},
      ISSN = {0030-8730},
   MRCLASS = {53C23 (53C24)},
  MRNUMBER = {1926784},
       DOI = {10.2140/pjm.2002.206.401},
       URL = {https://doi.org/10.2140/pjm.2002.206.401},
}




@article {coghitok,
    AUTHOR = {Coghlan, L. and Itokawa, Y.},
     TITLE = {A sphere theorem for reverse volume pinching on
              even-dimensional manifolds},
   JOURNAL = {Proc. Amer. Math. Soc.},
  FJOURNAL = {Proceedings of the American Mathematical Society},
    VOLUME = {111},
      YEAR = {1991},
    NUMBER = {3},
     PAGES = {815--819},
      ISSN = {0002-9939},
   MRCLASS = {53C20},
  MRNUMBER = {1042262},
MRREVIEWER = {Jyh-Yang Wu},
       DOI = {10.2307/2048419},
       URL = {https://doi.org/10.2307/2048419},
}



@article {Ferryfinite,
    AUTHOR = {Ferry, S.},
     TITLE = {Topological finiteness theorems for manifolds in
              {G}romov-{H}ausdorff space},
   JOURNAL = {Duke Math. J.},
  FJOURNAL = {Duke Mathematical Journal},
    VOLUME = {74},
      YEAR = {1994},
    NUMBER = {1},
     PAGES = {95--106},
      ISSN = {0012-7094},
   MRCLASS = {57N15 (53C23)},
  MRNUMBER = {1271464},
MRREVIEWER = {A. A. Ranicki},
       DOI = {10.1215/S0012-7094-94-07404-8},
       URL = {https://doi.org/10.1215/S0012-7094-94-07404-8},
}
		



@incollection {CBL,
    AUTHOR = {Cannon, J.  and Bryant, J. and Lacher, R. },
     TITLE = {The structure of generalized manifolds having nonmanifold set
              of trivial dimension},
 BOOKTITLE = {Geometric topology ({P}roc. {G}eorgia {T}opology {C}onf.,
              {A}thens, {G}a., 1977)},
     PAGES = {261--300},
 PUBLISHER = {Academic Press, New York-London},
      YEAR = {1979},
   MRCLASS = {57P99 (54F45 57N15)},
  MRNUMBER = {537735},
MRREVIEWER = {M. L. Curtis},
}


@article {BestvinaDav,
    AUTHOR = {Bestvina, M. and Daverman, R.  and Venema, G.  and Walsh,
              J. },
     TITLE = {A 4-dimensional 1-{LCC} shrinking theorem},
      NOTE = {Geometric topology and geometric group theory (Milwaukee, WI,
              1997)},
   JOURNAL = {Topology Appl.},
  FJOURNAL = {Topology and its Applications},
    VOLUME = {110},
      YEAR = {2001},
    NUMBER = {1},
     PAGES = {3--20},
      ISSN = {0166-8641},
   MRCLASS = {57N13 (57N25 57P99)},
  MRNUMBER = {1804692},
MRREVIEWER = {Craig R. Guilbault},
       DOI = {10.1016/S0166-8641(99)00177-7},
       URL = {https://doi.org/10.1016/S0166-8641(99)00177-7},
}

@article {GM,
    AUTHOR = {Grove, K. and Markvorsen, S.},
     TITLE = {New extremal problems for the {R}iemannian recognition program
              via {A}lexandrov geometry},
   JOURNAL = {J. Amer. Math. Soc.},
  FJOURNAL = {Journal of the American Mathematical Society},
    VOLUME = {8},
      YEAR = {1995},
    NUMBER = {1},
     PAGES = {1--28},
      ISSN = {0894-0347},
   MRCLASS = {53C23 (53C20)},
  MRNUMBER = {1276824},
MRREVIEWER = {Conrad Plaut},
       DOI = {10.2307/2152882},
       URL = {https://doi.org/10.2307/2152882},
}



@article {GW2,
    AUTHOR = {Grove, K. and Wilhelm, F.},
     TITLE = {Hard and soft packing radius theorems},
   JOURNAL = {Ann. of Math. (2)},
  FJOURNAL = {Annals of Mathematics. Second Series},
    VOLUME = {142},
      YEAR = {1995},
    NUMBER = {2},
     PAGES = {213--237},
      ISSN = {0003-486X},
   MRCLASS = {53C23 (53C20)},
  MRNUMBER = {1343322},
MRREVIEWER = {Zhongmin Shen},
       DOI = {10.2307/2118635},
       URL = {https://doi.org/10.2307/2118635},
}

@incollection {petrunin,
    AUTHOR = {Petrunin, A.},
     TITLE = {Applications of quasigeodesics and gradient curves},
 BOOKTITLE = {Comparison geometry ({B}erkeley, {CA}, 1993--94)},
    SERIES = {Math. Sci. Res. Inst. Publ.},
    VOLUME = {30},
     PAGES = {203--219},
 PUBLISHER = {Cambridge Univ. Press, Cambridge},
      YEAR = {1997},
   MRCLASS = {53C23},
  MRNUMBER = {1452875},
MRREVIEWER = {Conrad Plaut},
       DOI = {10.2977/prims/1195166129},
       URL = {https://doi.org/10.2977/prims/1195166129},
}












@book {Davis,
    AUTHOR = {Davis, M.},
     TITLE = {The geometry and topology of {C}oxeter groups},
    SERIES = {London Mathematical Society Monographs Series},
    VOLUME = {32},
 PUBLISHER = {Princeton University Press, Princeton, NJ},
      YEAR = {2008},
     PAGES = {xvi+584},
      ISBN = {978-0-691-13138-2; 0-691-13138-4},
   MRCLASS = {20F55 (05B45 05C25 51-02 57M07)},
  MRNUMBER = {2360474},
MRREVIEWER = {Ralf Koehl},
}


@book {Hatcher,
    AUTHOR = {Hatcher, A.},
     TITLE = {Algebraic topology},
 PUBLISHER = {Cambridge University Press, Cambridge},
      YEAR = {2002},
     PAGES = {xii+544},
      ISBN = {0-521-79160-X; 0-521-79540-0},
   MRCLASS = {55-01 (55-00)},
  MRNUMBER = {1867354},
MRREVIEWER = {Donald W. Kahn},
}




@article {Epstein,
    AUTHOR = {Epstein, D.},
     TITLE = {Curves on {$2$}-manifolds and isotopies},
   JOURNAL = {Acta Math.},
  FJOURNAL = {Acta Mathematica},
    VOLUME = {115},
      YEAR = {1966},
     PAGES = {83--107},
      ISSN = {0001-5962},
   MRCLASS = {57.20},
  MRNUMBER = {0214087},
MRREVIEWER = {P. Dedecker},
       DOI = {10.1007/BF02392203},
       URL = {https://doi.org/10.1007/BF02392203},
}


@article {Berest5,
    AUTHOR = {Berestovski\u\i , V. },
     TITLE = {Poincar\'e's conjecture and related statements},
   JOURNAL = {Izv. Vyssh. Uchebn. Zaved. Mat.},
  FJOURNAL = {Izvestiya Vysshikh Uchebnykh Zavedeni\u\i . Matematika. Kazanski\u\i \
              Gosudarstvenny\u\i \ Universitet},
      YEAR = {2007},
    NUMBER = {9},
     PAGES = {3--41},
      ISSN = {0021-3446},
   MRCLASS = {57M05 (57M40 57P10)},
  MRNUMBER = {2376609},
       DOI = {10.3103/S1066369X07090010},
       URL = {https://doi.org/10.3103/S1066369X07090010},
}
	
@book{rwilder,
	Author = {Wilder, R.},
	Mrclass = {56.0X},
	Mrnumber = {0029491 (10,614c)},
	Mrreviewer = {E. G. Begle},
	Pages = {ix+402},
	Publisher = {American Mathematical Society, New York, N. Y.},
	Series = {American Mathematical Society Colloquium Publications, vol. 32},
	Title = {Topology of {M}anifolds},
	Year = {1949}}



@article {Jakobsche,
    AUTHOR = {Jakobsche, W.},
     TITLE = {Approximating homotopy equivalences of {$3$}-manifolds by
              homeomorphisms},
   JOURNAL = {Fund. Math.},
  FJOURNAL = {Polska Akademia Nauk. Fundamenta Mathematicae},
    VOLUME = {130},
      YEAR = {1988},
    NUMBER = {3},
     PAGES = {157--168},
      ISSN = {0016-2736},
   MRCLASS = {57N10},
  MRNUMBER = {970901},
MRREVIEWER = {Gerard A. Venema},
       DOI = {10.4064/fm-130-3-157-168},
       URL = {https://doi.org/10.4064/fm-130-3-157-168},
}
		
@article {grovpete,
    AUTHOR = {Grove, K. and Petersen, P.},
     TITLE = {A radius sphere theorem},
   JOURNAL = {Invent. Math.},
  FJOURNAL = {Inventiones Mathematicae},
    VOLUME = {112},
      YEAR = {1993},
    NUMBER = {3},
     PAGES = {577--583},
      ISSN = {0020-9910},
   MRCLASS = {53C21},
  MRNUMBER = {1218324},
MRREVIEWER = {Conrad Plaut},
       DOI = {10.1007/BF01232447},
       URL = {https://doi.org/10.1007/BF01232447},
}

@article {Quinn-obstr,
    AUTHOR = {Quinn, F.},
     TITLE = {An obstruction to the resolution of homology manifolds},
   JOURNAL = {Michigan Math. J.},
  FJOURNAL = {Michigan Mathematical Journal},
    VOLUME = {34},
      YEAR = {1987},
    NUMBER = {2},
     PAGES = {285--291},
      ISSN = {0026-2285},
   MRCLASS = {57P05},
  MRNUMBER = {894878},
MRREVIEWER = {Laurence R. Taylor},
       DOI = {10.1307/mmj/1029003559},
       URL = {https://doi.org/10.1307/mmj/1029003559},
}








@article {thurston,
    AUTHOR = {Thurston, P.},
     TITLE = {{${\rm CAT}(0)\ 4$}-manifolds possessing a single tame point
              are {E}uclidean},
   JOURNAL = {J. Geom. Anal.},
  FJOURNAL = {The Journal of Geometric Analysis},
    VOLUME = {6},
      YEAR = {1996},
    NUMBER = {3},
     PAGES = {475--494 (1997)},
      ISSN = {1050-6926},
   MRCLASS = {53C21 (53C23 57N13)},
  MRNUMBER = {1471903},
MRREVIEWER = {Tadeusz Januszkiewicz},
       DOI = {10.1007/BF02921662},
       URL = {https://doi.org/10.1007/BF02921662},
}
@book {Thu,
    AUTHOR = {Thurston, William P.},
     TITLE = {Three-dimensional geometry and topology. {V}ol. 1},
    SERIES = {Princeton Mathematical Series},
    VOLUME = {35},
      NOTE = {Edited by Silvio Levy},
 PUBLISHER = {Princeton University Press, Princeton, NJ},
      YEAR = {1997},
     PAGES = {x+311},
      ISBN = {0-691-08304-5},
   MRCLASS = {57M50 (53A35 57M25 57M60 57N10)},
  MRNUMBER = {1435975},
MRREVIEWER = {Athanase Papadopoulos},
}		


		


@article {Berest2,
    AUTHOR = {Berestovskii , V. },
     TITLE = {Manifolds with an intrinsic metric with one-sided bounded
              curvature in the sense of {A}. {D}. {A}leksandrov},
   JOURNAL = {Mat. Fiz. Anal. Geom.},
  FJOURNAL = {Matematicheskaya Fizika, Analiz, Geometriya. Khar\cprime kovski\u\i \
              Matematicheski\u\i \ Zhurnal},
    VOLUME = {1},
      YEAR = {1994},
    NUMBER = {1},
     PAGES = {41--59},
      ISSN = {1027-1767},
   MRCLASS = {53C45},
  MRNUMBER = {1483797},
MRREVIEWER = {Z. N\'aden\'\i k},
}





@article {Berest3,
    AUTHOR = {Berestovskii , V.},
     TITLE = {A. {D}.\ {A}lexandrov's length manifolds with one-laterally
              bounded curvature},
   JOURNAL = {J. Math. Sci. (New York)},
  FJOURNAL = {Matematicheskaya Fizika, Analiz, Geometriya. Khar\cprime kovski\u\i \
              Matematicheski\u\i \ Zhurnal},
    VOLUME = {94},
      YEAR = {1999},
    NUMBER = {2},
     PAGES = {1145--1146},
      ISSN = {},
   MRCLASS = {},
  MRNUMBER = {},
MRREVIEWER = {},
}


@incollection {Berest6,
    AUTHOR = {Alexandrov, A.D. and Berestovskii , V.  },
     TITLE = {Riemannian spaces, Generalized},
 BOOKTITLE = {Encyclopedia of Matehamitcs},
    SERIES = {},
    VOLUME = {8},
     PAGES = {150--152},
 PUBLISHER = {Kluwer Academic Publishers},
      YEAR = {1992},
   MRCLASS = {},
  MRNUMBER = {},
       DOI = {},
       URL = {},
}
		
















@incollection {Petruninsemi,
    AUTHOR = {Petrunin, A.},
     TITLE = {Semiconcave functions in {A}lexandrov's geometry},
 BOOKTITLE = {Surveys in differential geometry. {V}ol. {XI}},
     PAGES = {137--201},
 PUBLISHER = {Int. Press, Somerville, MA},
      YEAR = {2007},
   MRCLASS = {53C21 (53C20 53C45 58E05)},
  MRNUMBER = {2408266},
MRREVIEWER = {Jeremy Wong},
       URL = {https://doi.org/10.4310/SDG.2006.v11.n1.a6},
}


@book{HKST15,
	Author = {Heinonen, J. and Koskela, P. and Shanmugalingam, N. and Tyson, J.},
	Publisher = {Cambridge University Press, Cambridge},
	Series = {New Mathematical Monographs},
	Title = {Sobolev spaces on metric measure spaces},
	Volume = {27},
	Year = {2015}}



@book{Edgar,
	Author = {Edgar, G.},
	Publisher = {Springer Verlag},
	Series = {Undegraduate Texts in Mathematics},
	Title = {Measure, Topology, and Fractal Geometry},
	Year = {2008}}



@book{Evans,
	Author = {Evans, L. C. and Gariepy, R. F.},
	Date-Added = {2017-03-12 23:44:04 +0000},
	Date-Modified = {2017-05-12 17:39:51 +0000},
	Edition = {Revised},
	Isbn = {978-1-4822-4238-6},
	Mrclass = {28-01},
	Mrnumber = {3409135},
	Pages = {xiv+299},
	Publisher = {CRC Press, Boca Raton, FL},
	Series = {Textbooks in Mathematics},
	Title = {Measure theory and fine properties of functions},
	Year = {2015}}


@incollection {BuyaloSchr,
    AUTHOR = {Buyalo, S. and Schroeder, V.},
     TITLE = {Spaces of curvature bounded above},
 BOOKTITLE = {Surveys in differential geometry. {V}ol. {XI}},
     PAGES = {295-327},
 PUBLISHER = {Int. Press, Somerville, MA},
      YEAR = {2007},
   MRCLASS = {53C21 (53C20 53C45 58E05)},
  MRNUMBER = {2408266},
MRREVIEWER = {Jeremy Wong},
       URL = {https://doi.org/10.4310/SDG.2006.v11.n1.a6},
}
@article {LS_affine,
    AUTHOR = {Lytchak, A. and Schroeder, V.},
     TITLE = {Affine functions on {${\rm CAT}(\kappa)$}-spaces},
   JOURNAL = {Math. Z.},
  FJOURNAL = {Mathematische Zeitschrift},
    VOLUME = {255},
      YEAR = {2007},
    NUMBER = {2},
     PAGES = {231--244},
      ISSN = {0025-5874},
   MRCLASS = {53C21 (53C20)},
  MRNUMBER = {2262730},
MRREVIEWER = {Mario Bonk},
       DOI = {10.1007/s00209-006-0020-4},
       URL = {https://doi.org/10.1007/s00209-006-0020-4},
}
@article {Berest-path,
    AUTHOR = {Andreev, P. and Berestovskii , V. },
     TITLE = {Dimensions of {$\R$}-trees and self-similar fractal spaces
              of nonpositive curvature},
   JOURNAL = {Siberian Adv. Math.},
  FJOURNAL = {Siberian Advances in Mathematics},
    VOLUME = {17},
      YEAR = {2007},
    NUMBER = {2},
     PAGES = {79--90},
}

@article{BallmannBrin,
	Author = {Ballmann, W. and Brin, M.},
         Title = {Orbihedra of nonpositive curvature},
	Journal = {Inst. Hautes \'Etudes Sci. Publ. Math.},
	Volume = {82},
	Year={1995},
	Pages = {169--209},
}

@article {Kap-reg,
    AUTHOR = {Kapovitch, V.},
     TITLE = {Regularity of limits of noncollapsing sequences of manifolds},
   JOURNAL = {Geom. Funct. Anal.},
  FJOURNAL = {Geometric and Functional Analysis},
    VOLUME = {12},
      YEAR = {2002},
    NUMBER = {1},
     PAGES = {121--137},
      ISSN = {1016-443X},
   MRCLASS = {53C23 (53C21)},
  MRNUMBER = {1904560},
MRREVIEWER = {Janko Latschev},
       URL = {https://doi.org/10.1007/s00039-002-8240-1},
}





@article {LN1,
    AUTHOR = {Lytchak, A. and Nagano, K.},
     TITLE = {Geodesically complete spaces with an upper curvature bound},
   JOURNAL = {Geom. Funct. Anal.},
	PAGES = {295--342},
  FJOURNAL = {},
    VOLUME = {29},
      YEAR = {2019},
}



@article {LN2,
    AUTHOR = {Lytchak, A. and Nagano, K.},
     TITLE = {Topological regularity of spaces with an upper curvature bound},
   JOURNAL = {arXiv:1809.06183, to appear in J. Eur. Math. Soc. },
  FJOURNAL = {},
    VOLUME = {},
      YEAR = {2018},
}
@article {St_structure,
    AUTHOR = {Stadler, Stephan},
     TITLE = {The structure of minimal surfaces in {CAT}(0) spaces},
   JOURNAL = {J. Eur. Math. Soc. (JEMS)},
  FJOURNAL = {Journal of the European Mathematical Society (JEMS)},
    VOLUME = {23},
      YEAR = {2021},
    NUMBER = {11},
     PAGES = {3521--3554},
      ISSN = {1435-9855},
   MRCLASS = {53C23 (53A10 53C20)},
  MRNUMBER = {4310811},
       DOI = {10.4171/jems/1075},
       URL = {https://doi.org/10.4171/jems/1075},
}





@article {Mondino,
    AUTHOR = { Mondino, A. and Naber , A.},
     TITLE = {Structure theory of metric measure spaces  with lower {Ricci} curvature bounds},
   JOURNAL = {arXiv:1405.2222v3, to appear in J. Eur. Math. Soc.},
  FJOURNAL = {},
    VOLUME = {},
      YEAR = {2017},
}





@article {AK_rec,
    AUTHOR = {Ambrosio, L. and Kirchheim, B.},
     TITLE = {Rectifiable sets in metric and {B}anach spaces},
   JOURNAL = {Math. Ann.},
  FJOURNAL = {Mathematische Annalen},
    VOLUME = {318},
      YEAR = {2000},
    NUMBER = {3},
     PAGES = {527--555},
      ISSN = {0025-5831},
   MRCLASS = {28A75 (46G99 46T99 49Q20)},
  MRNUMBER = {1800768},
MRREVIEWER = {Piotr Haj\AA asz},
       DOI = {10.1007/s002080000122},
       URL = {http://dx.doi.org/10.1007/s002080000122},
}
@article {Kirch,
    AUTHOR = {Kirchheim, B.},
     TITLE = {Rectifiable metric spaces: local structure and regularity of
              the {H}ausdorff measure},
   JOURNAL = {Proc. Amer. Math. Soc.},
  FJOURNAL = {Proceedings of the American Mathematical Society},
    VOLUME = {121},
      YEAR = {1994},
    NUMBER = {1},
     PAGES = {113--123},
      ISSN = {0002-9939},
   MRCLASS = {28A78},
  MRNUMBER = {1189747},
MRREVIEWER = {G. Freilich},
       DOI = {10.2307/2160371},
       URL = {https://doi.org/10.2307/2160371},
}


@article {CM,
    AUTHOR = {Caprace, P. and Monod, N.},
     TITLE = {Isometry groups of non-positively curved spaces: discrete
              subgroups},
   JOURNAL = {J. Topol.},
  FJOURNAL = {Journal of Topology},
    VOLUME = {2},
      YEAR = {2009},
    NUMBER = {4},
     PAGES = {701--746},
      ISSN = {1753-8416},
   MRCLASS = {53C23 (20F67 22F30 53C21 53C24)},
  MRNUMBER = {2574741},
MRREVIEWER = {Anne Thomas},
       DOI = {10.1112/jtopol/jtp027},
       URL = {http://dx.doi.org/10.1112/jtopol/jtp027},
}
@article {Sw_cut,
    AUTHOR = {Swenson, E. L.},
     TITLE = {A cut point theorem for {${\rm CAT}(0)$} groups},
   JOURNAL = {J. Differential Geom.},
  FJOURNAL = {Journal of Differential Geometry},
    VOLUME = {53},
      YEAR = {1999},
    NUMBER = {2},
     PAGES = {327--358},
      ISSN = {0022-040X},
   MRCLASS = {20F65 (57M07 57M60 57S30)},
  MRNUMBER = {1802725},
MRREVIEWER = {Ilya Kapovich},
       URL = {http://projecteuclid.org/euclid.jdg/1214425538},
}
@article {AK,
    AUTHOR = {Ambrosio, L. and Kirchheim, B.},
     TITLE = {Currents in metric spaces},
   JOURNAL = {Acta Math.},
  FJOURNAL = {Acta Mathematica},
    VOLUME = {185},
      YEAR = {2000},
    NUMBER = {1},
     PAGES = {1--80},
      ISSN = {0001-5962},
   MRCLASS = {49Q15 (49Q20)},
  MRNUMBER = {1794185},
MRREVIEWER = {Giovanni Bellettini},
       DOI = {10.1007/BF02392711},
       URL = {https://doi.org/10.1007/BF02392711},
}


@article {KK,
    AUTHOR = { Kapovitch, V.  and   Ketterer, C.},
     TITLE = {{CD} meets {CAT}},
		  JOURNAL = { arXiv:1712.02839},
  YEAR = {2017},
}	


@article {LS,
    AUTHOR = {Lytchak, A. and Stadler, S.},
     TITLE = {Conformal deformations of {$\rm CAT(0)$} spaces},
   JOURNAL = {Math. Ann.},
  FJOURNAL = {Mathematische Annalen},
    VOLUME = {373},
      YEAR = {2019},
    NUMBER = {1-2},
     PAGES = {155--163},
      ISSN = {0025-5831},
   MRCLASS = {53C23 (53C20 58E20)},
  MRNUMBER = {3968869},
       DOI = {10.1007/s00208-018-1703-y},
       URL = {https://doi.org/10.1007/s00208-018-1703-y},
}
	
@article {uniform,
    AUTHOR = {Mazzeo, R. and Taylor, M.},
     TITLE = {Curvature and uniformization},
   JOURNAL = {Israel J. Math.},
  FJOURNAL = {Israel Journal of Mathematics},
    VOLUME = {130},
      YEAR = {2002},
     PAGES = {323--346},
      ISSN = {0021-2172},
   MRCLASS = {30F10 (30D45 35J60 53A30)},
  MRNUMBER = {1919383},
MRREVIEWER = {Yoichi Imayoshi},
       DOI = {10.1007/BF02764082},
       URL = {https://doi.org/10.1007/BF02764082},
}




@article {Fuglede,
    AUTHOR = {Fuglede, B.},
     TITLE = {The {D}irichlet problem for harmonic maps from {R}iemannian
              polyhedra to spaces of upper bounded curvature},
   JOURNAL = {Trans. Amer. Math. Soc.},
  FJOURNAL = {Transactions of the American Mathematical Society},
    VOLUME = {357},
      YEAR = {2005},
    NUMBER = {2},
     PAGES = {757--792},
      ISSN = {0002-9947},
   MRCLASS = {58E20 (49N60)},
  MRNUMBER = {2095630},
MRREVIEWER = {Mario Bonk},
       DOI = {10.1090/S0002-9947-04-03498-1},
       URL = {https://doi.org/10.1090/S0002-9947-04-03498-1},
}
		
		


@article {Genevois,
    AUTHOR = {A. Genevois and A. Stocker},
     TITLE = {Barely {$CAT(-1)$} groups are cylindrically hyperbolic},
		  JOURNAL = { arXiv:1712.04736},
  YEAR = {2017}
}	

@article {P3,
    AUTHOR = {G. Perelman},
     TITLE = {{DC}-structures on {Alexandrov} spaces},
		  JOURNAL = {preprint, preliminary version},
  YEAR = {1994}
}





@incollection {Kap,
    AUTHOR = {Kapovitch, V.},
     TITLE = {Perelman's stability theorem},
 BOOKTITLE = {Surveys in differential geometry. {V}ol. {XI}},
     PAGES = {103-136},
 PUBLISHER = {Int. Press, Somerville, MA},
      YEAR = {2007},
   MRCLASS = {53C23 (53C20 53C21)},
  MRNUMBER = {2408265},
MRREVIEWER = {Yu Ding},
       DOI = {10.4310/SDG.2006.v11.n1.a5},
       URL = {http://dx.doi.org/10.4310/SDG.2006.v11.n1.a5},
}

@book {AR,
    AUTHOR = {Alexandrov, A. D. and Reshetnyak, Yu. G.},
     TITLE = {General theory of irregular curves},
    SERIES = {Mathematics and its Applications (Soviet Series)},
    VOLUME = {29},
      NOTE = {Translated from the Russian by L. Ya. Yuzina},
 PUBLISHER = {Kluwer Academic Publishers Group, Dordrecht},
      YEAR = {1989},
     PAGES = {x+288},
      ISBN = {90-277-2811-9},
   MRCLASS = {53A04},
  MRNUMBER = {1117220},
MRREVIEWER = {W. J. Firey},
       URL = {https://doi.org/10.1007/978-94-009-2591-5},
}

@article {Ly_rigidity,
    AUTHOR = {Lytchak, A.},
     TITLE = {Rigidity of spherical buildings and joins},
   JOURNAL = {Geom. Funct. Anal.},
  FJOURNAL = {Geometric and Functional Analysis},
    VOLUME = {15},
      YEAR = {2005},
    NUMBER = {3},
     PAGES = {720--752},
      ISSN = {1016-443X},
     CODEN = {GFANFB},
   MRCLASS = {53C24},
  MRNUMBER = {2221148},
MRREVIEWER = {Koichi Nagano},
       DOI = {10.1007/s00039-005-0519-6},
       URL = {http://dx.doi.org/10.1007/s00039-005-0519-6},
}

@incollection {Reshetnyak-GeomIV,
    AUTHOR = {Reshetnyak, Yu. G.},
     TITLE = {Two-dimensional manifolds of bounded curvature},
 BOOKTITLE = {Geometry, {IV}},
    SERIES = {Encyclopaedia Math. Sci.},
    VOLUME = {70},
     PAGES = {3--163},
 PUBLISHER = {Springer, Berlin},
      YEAR = {1993},
   MRCLASS = {53C20 (53C21)},
  MRNUMBER = {1263964},
       DOI = {10.1007/978-3-662-02897-1_1},
       URL = {http://dx.doi.org/10.1007/978-3-662-02897-1_1},
}

@article {BB,
    AUTHOR = {Burago, Yu. D. and Buyalo, S. V.},
     TITLE = {Metrics with upper-bounded curvature on {$2$}-polyhedra. {II}},
   JOURNAL = {Algebra i Analiz},
  FJOURNAL = {Rossi\u\i skaya Akademiya Nauk. Algebra i Analiz},
    VOLUME = {10},
      YEAR = {1998},
    NUMBER = {4},
     PAGES = {62--112},
      ISSN = {0234-0852},
   MRCLASS = {53C45},
  MRNUMBER = {1654071},
MRREVIEWER = {Vladimir G. Tkachev},
}
	

@article {OS,
    AUTHOR = {Otsu, Y. and Shioya, T.},
     TITLE = {The {R}iemannian structure of {A}lexandrov spaces},
   JOURNAL = {J. Differential Geom.},
  FJOURNAL = {Journal of Differential Geometry},
    VOLUME = {39},
      YEAR = {1994},
    NUMBER = {3},
     PAGES = {629--658},
      ISSN = {0022-040X},
     CODEN = {JDGEAS},
   MRCLASS = {53C23 (53C20)},
  MRNUMBER = {1274133},
MRREVIEWER = {Zhongmin Shen},
       URL = {http://projecteuclid.org/euclid.jdg/1214455075},
}






@article {Otsu,
    AUTHOR = {Y. Otsu and H. Tanoue},
     TITLE = {The {Riemannian} structure of {Alexandrov} spaces
with curvature bounded above},
		  JOURNAL = {preprint},
  YEAR = {1999}
}

@article {P2,
    AUTHOR = {G. Perelman},
     TITLE = {{A. D. Alexandrov} spaces with curvature bounded below {II}},
		  JOURNAL = {preprint},
  YEAR = {1991}
}

@article {Mese-Breiner-regular,
    AUTHOR = { Breiner, C. and Fraser, A. and   Huang, L. and   Mese, C. and  Sargent, P. and  Zhang, Y.},
     TITLE = {Regularity of harmonic maps from polyhedra  to $CAT(1)$ spaces},
		  JOURNAL = {arXiv: 1610.07829},
  YEAR = {2016}
}
@article {KL_higher,
    AUTHOR = {Kleiner, B. and Lang, U.},
     TITLE = {Higher rank hyperbolicity},
   JOURNAL = {Invent. Math.},
  FJOURNAL = {Inventiones Mathematicae},
    VOLUME = {221},
      YEAR = {2020},
    NUMBER = {2},
     PAGES = {597--664},
      ISSN = {0020-9910},
   MRCLASS = {20F65 (53C23 57M50)},
  MRNUMBER = {4121159},
MRREVIEWER = {Loreno Heer},
       DOI = {10.1007/s00222-020-00955-w},
       URL = {https://doi.org/10.1007/s00222-020-00955-w},
}
@article {LaSch_kirsz,
    AUTHOR = {Lang, U. and Schroeder, V.},
     TITLE = {Kirszbraun's theorem and metric spaces of bounded curvature},
   JOURNAL = {Geom. Funct. Anal.},
  FJOURNAL = {Geometric and Functional Analysis},
    VOLUME = {7},
      YEAR = {1997},
    NUMBER = {3},
     PAGES = {535--560},
      ISSN = {1016-443X},
   MRCLASS = {53C23},
  MRNUMBER = {1466337},
MRREVIEWER = {Zhongmin Shen},
       DOI = {10.1007/s000390050018},
       URL = {https://doi.org/10.1007/s000390050018},
}
@inproceedings {AKP_kirsz,
    AUTHOR = {Alexander, S. and Kapovitch, V. and Petrunin,
              A.},
     TITLE = {Alexandrov meets {K}irszbraun},
 BOOKTITLE = {Proceedings of the {G}\"{o}kova {G}eometry-{T}opology {C}onference
              2010},
     PAGES = {88--109},
      YEAR = {2011},
   MRCLASS = {53C23},
  MRNUMBER = {2931882},
MRREVIEWER = {Koichi Nagano},
}
@article {CCZ,
    AUTHOR = {Cannon, J. W. and Conner, G. R. and Zastrow, Andreas},
     TITLE = {One-dimensional sets and planar sets are aspherical},
   JOURNAL = {Topology Appl.},
    VOLUME = {120},
      YEAR = {2002},
    NUMBER = {1-2},
     PAGES = {23--45},
      ISSN = {0166-8641},
   MRCLASS = {57N05 (55M99 55Q52 57N75)},
  MRNUMBER = {1895481},
MRREVIEWER = {Leonard R. Rubin},
       DOI = {10.1016/S0166-8641(01)00005-0},
       URL = {https://doi.org/10.1016/S0166-8641(01)00005-0},
}

@article {Mese-Breiner-exist,
    AUTHOR = { Breiner, C. and Fraser, A. and   Huang, L. and   Mese, C. and  Sargent, P. and  Zhang, Y.},
     TITLE = {Existence of harmonic maps into $CAT(1)$ spaces},
		  JOURNAL = {arXiv: 1701.02350},
  YEAR = {2017}
}

@article {A_pure,
    AUTHOR = { Petrunin, A.},
     TITLE = {Pure metric geometry: introductory lectures},
		  JOURNAL = {arXiv:2007.09846},
  YEAR = {2020}
}

@article {Berest,
    AUTHOR = {Berestovskii, V. },
     TITLE = {Borsuk's problem on metrization of a polyhedron},
   JOURNAL = {Dokl. Akad. Nauk SSSR},
  FJOURNAL = {Doklady Akademii Nauk SSSR},
    VOLUME = {268},
      YEAR = {1983},
    NUMBER = {2},
     PAGES = {273--277},
      ISSN = {0002-3264},
   MRCLASS = {51K99 (51M20 54E35)},
  MRNUMBER = {688238},
MRREVIEWER = {H. H. Wicke},
}


@article {Ontaneda,
    AUTHOR = {Ontaneda, P.},
     TITLE = {Cocompact {CAT}(0) spaces are almost geodesically complete},
   JOURNAL = {Topology},
  FJOURNAL = {Topology. An International Journal of Mathematics},
    VOLUME = {44},
      YEAR = {2005},
    NUMBER = {1},
     PAGES = {47--62},
      ISSN = {0040-9383},
     CODEN = {TPLGAF},
   MRCLASS = {57M07 (53C22)},
  MRNUMBER = {2104000},
MRREVIEWER = {Craig R. Guilbault},
       DOI = {10.1016/j.top.2004.01.010},
       URL = {http://dx.doi.org/10.1016/j.top.2004.01.010},
}


@article {sieben,
    AUTHOR = {Siebenmann, L. C.},
     TITLE = {Deformation of homeomorphisms on stratified sets. {I}, {II}},
   JOURNAL = {Comment. Math. Helv.},
  FJOURNAL = {Commentarii Mathematici Helvetici},
    VOLUME = {47},
      YEAR = {1972},
     PAGES = {123--136; ibid. 47 (1972), 137--163},
      ISSN = {0010-2571},
   MRCLASS = {57A35 (57D30)},
  MRNUMBER = {0319207},
MRREVIEWER = {R. C. Kirby},
}


@article {BGP,
    AUTHOR = {Burago, Yu. and Gromov, M. and Perelman, G.},
     TITLE = {A. {D}. {A}leksandrov spaces with curvatures bounded below},
   JOURNAL = {Uspekhi Mat. Nauk},
  FJOURNAL = {Rossi\u\i skaya Akademiya Nauk. Moskovskoe Matematicheskoe
              Obshchestvo. Uspekhi Matematicheskikh Nauk},
    VOLUME = {47},
      YEAR = {1992},
    NUMBER = {2(284)},
     PAGES = {3--51, 222},
      ISSN = {0042-1316},
   MRCLASS = {53C21 (53C23)},
  MRNUMBER = {1185284},
MRREVIEWER = {Tadeusz Januszkiewicz},
       DOI = {10.1070/RM1992v047n02ABEH000877},
       URL = {http://dx.doi.org/10.1070/RM1992v047n02ABEH000877},
}
@article {G_filling,
    AUTHOR = {Gromov, M.},
     TITLE = {Filling {R}iemannian manifolds},
   JOURNAL = {J. Differential Geom.},
  FJOURNAL = {Journal of Differential Geometry},
    VOLUME = {18},
      YEAR = {1983},
    NUMBER = {1},
     PAGES = {1--147},
      ISSN = {0022-040X},
   MRCLASS = {53C20 (53C21 57R99)},
  MRNUMBER = {697984},
MRREVIEWER = {Yu. Burago},
       URL = {http://projecteuclid.org/euclid.jdg/1214509283},
}

@book {BH,
    AUTHOR = {Bridson, M. and Haefliger, A.},
     TITLE = {Metric spaces of non-positive curvature},
    SERIES = {Grundlehren der Mathematischen Wissenschaften},
    VOLUME = {319},
 PUBLISHER = {Springer-Verlag, Berlin},
      YEAR = {1999},
     PAGES = {xxii+643},
      ISBN = {3-540-64324-9},
   MRCLASS = {53C23 (20F65 53C70 57M07)},
  MRNUMBER = {1744486},
MRREVIEWER = {Athanase Papadopoulos},
       DOI = {10.1007/978-3-662-12494-9},
       URL = {http://dx.doi.org/10.1007/978-3-662-12494-9},
}
@incollection {Pr_lattices,
    AUTHOR = {Prasad, G.},
     TITLE = {Lattices in semisimple groups over local fields},
 BOOKTITLE = {Studies in algebra and number theory},
    SERIES = {Adv. in Math. Suppl. Stud.},
    VOLUME = {6},
     PAGES = {285--356},
 PUBLISHER = {Academic Press, New York-London},
      YEAR = {1979},
   MRCLASS = {22E40 (20G99)},
  MRNUMBER = {535769},
MRREVIEWER = {G. A. So\u{\i}fer},
}
@article {BS_higher,
    AUTHOR = {Burns, K. and Spatzier, R.},
     TITLE = {Manifolds of nonpositive curvature and their buildings},
   JOURNAL = {Inst. Hautes \'{E}tudes Sci. Publ. Math.},
  FJOURNAL = {Institut des Hautes \'{E}tudes Scientifiques. Publications
              Math\'{e}matiques},
    NUMBER = {65},
      YEAR = {1987},
     PAGES = {35--59},
      ISSN = {0073-8301},
   MRCLASS = {53C20 (53C35)},
  MRNUMBER = {908215},
MRREVIEWER = {Werner Ballmann},
       URL = {http://www.numdam.org/item?id=PMIHES_1987__65__35_0},
}
@article {Heber,
    AUTHOR = {Heber, J.},
     TITLE = {On the geometric rank of homogeneous spaces of nonpositive
              curvature},
   JOURNAL = {Invent. Math.},
  FJOURNAL = {Inventiones Mathematicae},
    VOLUME = {112},
      YEAR = {1993},
    NUMBER = {1},
     PAGES = {151--170},
      ISSN = {0020-9910},
   MRCLASS = {53C30 (53C21 53C23)},
  MRNUMBER = {1207480},
MRREVIEWER = {Mar\'{\i}a J. Druetta},
       DOI = {10.1007/BF01232428},
       URL = {https://doi.org/10.1007/BF01232428},
}
@article {BS_buildings,
    AUTHOR = {Burns, K. and Spatzier, R.},
     TITLE = {On topological {T}its buildings and their classification},
   JOURNAL = {Inst. Hautes \'{E}tudes Sci. Publ. Math.},
  FJOURNAL = {Institut des Hautes \'{E}tudes Scientifiques. Publications
              Math\'{e}matiques},
    NUMBER = {65},
      YEAR = {1987},
     PAGES = {5--34},
      ISSN = {0073-8301},
   MRCLASS = {53C35},
  MRNUMBER = {908214},
MRREVIEWER = {Werner Ballmann},
       URL = {http://www.numdam.org/item?id=PMIHES_1987__65__5_0},
}

@book{ballmannbook,
    AUTHOR = {Ballmann, W.},
     TITLE = {Lectures on spaces of nonpositive curvature},
    SERIES = {DMV Seminar},
    VOLUME = {25},
      NOTE = {With an appendix by M. Brin},
 PUBLISHER = {Birkh\"auser Verlag, Basel},
      YEAR = {1995},
     PAGES = {viii+112},
      ISBN = {3-7643-5242-6},
   MRCLASS = {53C21 (58F17)},
  MRNUMBER = {1377265},
MRREVIEWER = {Boris Hasselblatt},
       DOI = {10.1007/978-3-0348-9240-7},
       URL = {http://dx.doi.org/10.1007/978-3-0348-9240-7},
}

@article {LWcan,
    AUTHOR = {Lytchak, A. and Wenger, S.},
     TITLE = {Canonical parameterizations of metric disks},
   JOURNAL = {Duke Math. J.},
  FJOURNAL = {Duke Mathematical Journal},
    VOLUME = {169},
      YEAR = {2020},
    NUMBER = {4},
     PAGES = {761--797},
      ISSN = {0012-7094},
   MRCLASS = {30L10 (30C65 49Q05 58E20)},
  MRNUMBER = {4073230},
       DOI = {10.1215/00127094-2019-0065},
       URL = {https://doi.org/10.1215/00127094-2019-0065},
}


@article {Kleiner,
    AUTHOR = {Kleiner, B.},
     TITLE = {The local structure of spaces with curvature bounded above},
   JOURNAL = {Math. Z.},
  FJOURNAL = {},
    VOLUME = {231},
      YEAR = {1999},
    NUMBER = {},
     PAGES = {409-456},
      ISSN = {},
     CODEN = {},
   MRCLASS = {},
  MRNUMBER = {},
MRREVIEWER = {},
}

@article {Resh-majorization,
    AUTHOR = {Y. Reshetnyak},
     TITLE = {Non-expanding maps in a space of curvature no greater than $K$},
   JOURNAL = {Siberian Math. J.},
  FJOURNAL = {},
    VOLUME = {9},
      YEAR = {1968},
    NUMBER = {},
     PAGES = {918-927},
      ISSN = {},
     CODEN = {},
   MRCLASS = {},
  MRNUMBER = {},
MRREVIEWER = {},
}



@book{Wilder,
      AUTHOR = {Wilder, Raymond Louis},
     TITLE = {Topology of {M}anifolds},
    SERIES = {American Mathematical Society Colloquium Publications, vol.
              32},
 PUBLISHER = {American Mathematical Society, New York, N. Y.},
      YEAR = {1949},
     PAGES = {ix+402},
   MRCLASS = {56.0X},
  MRNUMBER = {0029491},
MRREVIEWER = {E. G. Begle},
}

@book {Hu,
    AUTHOR = {S. Hu},
     TITLE = {Theory of retracts},
      YEAR = {1965},
    publisher = {Wayne State University Press, Detroit},
     PAGES = {},
      ISSN = {},
     CODEN = {},
   MRCLASS = {},
  MRNUMBER = {},
MRREVIEWER = {},
}


@article {eells,
    AUTHOR = {J. Eells  and N. Kuiper},
     TITLE = {Homotopy negligible subsets},
   JOURNAL = {Compositio Mathematica},
  FJOURNAL = {},
    VOLUME = {21},
      YEAR = {1969},
    NUMBER = {},
     PAGES = {155--161},
      ISSN = {},
     CODEN = {},
   MRCLASS = {},
  MRNUMBER = {},
MRREVIEWER = {},
}


@article {mitchel,
    AUTHOR = {W. Mitchel},
     TITLE = {Defining the boundary of a homology manifold},
   JOURNAL = {Proc. Amer. Math. Soc.},
  FJOURNAL = {},
    VOLUME = {110},
      YEAR = {1990},
    NUMBER = {},
     PAGES = {509-513},
      ISSN = {},
     CODEN = {},
   MRCLASS = {},
  MRNUMBER = {},
MRREVIEWER = {},
}

@article {Aleksandrov,
    AUTHOR = {Alexandrow, A. D.},
     TITLE = {\"{U}ber eine {V}erallgemeinerung der {R}iemannschen
              {G}eometrie},
   JOURNAL = {Schr. Forschungsinst. Math.},
    VOLUME = {1},
      YEAR = {1957},
     PAGES = {33--84},
   MRCLASS = {50.0X},
  MRNUMBER = {0087119},
MRREVIEWER = {H. Busemann},
}

@article {Linus,
    AUTHOR = {L. Kramer},
     TITLE = {On the local structure and homology of {$CAT(\kappa )$} spaces and buidlings},
   JOURNAL = {Advances in Geometry},
  FJOURNAL = {},
    VOLUME = {11},
      YEAR = {2011},
    NUMBER = {},
     PAGES = {347-369},
      ISSN = {},
}

@article {KleinerLeeb,
    AUTHOR = {Kleiner, B. and Leeb, B.},
     TITLE = {Rigidity of quasi-isometries for symmetric spaces and
              {E}uclidean buildings},
   JOURNAL = {Inst. Hautes \'{E}tudes Sci. Publ. Math.},
  FJOURNAL = {Institut des Hautes \'{E}tudes Scientifiques. Publications
              Math\'{e}matiques},
		VOLUME = {86},					
    NUMBER = {},
      YEAR = {1997},
     PAGES = {115--197},
      ISSN = {0073-8301},
   MRCLASS = {53C35 (20E42 20F32 53C23 57M07)},
  MRNUMBER = {1608566},
MRREVIEWER = {Lee Mosher},
       URL = {http://www.numdam.org/item?id=PMIHES_1997__86__115_0},
}



@article {Ly_diff,
    AUTHOR = {A. Lytchak},
     TITLE = {Differentiation in metric spaces},
   JOURNAL = {Algebra i Analiz},
  FJOURNAL = {},
    VOLUME = {16},
      YEAR = {2004},
    NUMBER = {},
     PAGES = {128-161},
      ISSN = {},
     CODEN = {},
   MRCLASS = {},
  MRNUMBER = {},
MRREVIEWER = {},
}
@article {St_obst,
    AUTHOR = {Stadler, S.},
     TITLE = {An obstruction to the smoothability of singular nonpositively
              curved metrics on 4-manifolds by patterns of incompressible
              tori},
   JOURNAL = {Geom. Funct. Anal.},
  FJOURNAL = {Geometric and Functional Analysis},
    VOLUME = {25},
      YEAR = {2015},
    NUMBER = {5},
     PAGES = {1575--1587},
      ISSN = {1016-443X},
   MRCLASS = {53C21 (53C23)},
  MRNUMBER = {3426062},
MRREVIEWER = {Pavel D. Andreev},
       DOI = {10.1007/s00039-015-0341-8},
       URL = {https://doi.org/10.1007/s00039-015-0341-8},
}

@book {BBI,
    AUTHOR = {Burago, D. and Burago, Y. and Ivanov, S.},
     TITLE = {A course in metric geometry},
    SERIES = {Graduate Studies in Mathematics},
    VOLUME = {33},
 PUBLISHER = {American Mathematical Society, Providence, RI},
      YEAR = {2001},
     PAGES = {xiv+415},
      ISBN = {0-8218-2129-6},
   MRCLASS = {53C23},
  MRNUMBER = {1835418 (2002e:53053)},
MRREVIEWER = {Mario Bonk},
}
@article {PS,
    AUTHOR = {Petrunin, Anton and Stadler, Stephan},
     TITLE = {Metric-minimizing surfaces revisited},
   JOURNAL = {Geom. Topol.},
  FJOURNAL = {Geometry \& Topology},
    VOLUME = {23},
      YEAR = {2019},
    NUMBER = {6},
     PAGES = {3111--3139},
      ISSN = {1465-3060},
   MRCLASS = {53C23 (30L05 53C43 53C45)},
  MRNUMBER = {4039186},
MRREVIEWER = {Fumiko Ohtsuka},
       DOI = {10.2140/gt.2019.23.3111},
       URL = {https://doi.org/10.2140/gt.2019.23.3111},
}
@article {BB_orbi,
    AUTHOR = {Ballmann, W. and Brin, M.},
     TITLE = {Orbihedra of nonpositive curvature},
   JOURNAL = {Inst. Hautes \'{E}tudes Sci. Publ. Math.},
  FJOURNAL = {Institut des Hautes \'{E}tudes Scientifiques. Publications
              Math\'{e}matiques},
    NUMBER = {82},
      YEAR = {1995},
     PAGES = {169--209 (1996)},
      ISSN = {0073-8301},
   MRCLASS = {53C23 (53C20 57M20)},
  MRNUMBER = {1383216},
MRREVIEWER = {Ralf J. Spatzier},
       URL = {http://www.numdam.org/item?id=PMIHES_1995__82__169_0},
}
@article {CM_bieber,
    AUTHOR = {Caprace, P.-E. and Monod, N.},
     TITLE = {An indiscrete {B}ieberbach theorem: from amenable {$\rm
              CAT(0)$} groups to {T}its buildings},
   JOURNAL = {J. \'{E}c. polytech. Math.},
  FJOURNAL = {Journal de l'\'{E}cole polytechnique. Math\'{e}matiques},
    VOLUME = {2},
      YEAR = {2015},
     PAGES = {333--383},
      ISSN = {2429-7100},
   MRCLASS = {53C23 (20E42 20F65 43A07 51E24 53C20)},
  MRNUMBER = {3438730},
MRREVIEWER = {Fernando Galaz-Garc\'{\i}a},
       DOI = {10.5802/jep.26},
       URL = {https://doi.org/10.5802/jep.26},
}
@article {CS_rr,
    AUTHOR = {Caprace, P.-E. and Sageev, M.},
     TITLE = {Rank rigidity for {CAT}(0) cube complexes},
   JOURNAL = {Geom. Funct. Anal.},
  FJOURNAL = {Geometric and Functional Analysis},
    VOLUME = {21},
      YEAR = {2011},
    NUMBER = {4},
     PAGES = {851--891},
      ISSN = {1016-443X},
   MRCLASS = {20F65 (20F67 53C24)},
  MRNUMBER = {2827012},
MRREVIEWER = {Tetsu Toyoda},
       DOI = {10.1007/s00039-011-0126-7},
       URL = {https://doi.org/10.1007/s00039-011-0126-7},
}
@article {BB_rr,
    AUTHOR = {Ballmann, W. and Brin, M.},
     TITLE = {Rank rigidity of {E}uclidean polyhedra},
   JOURNAL = {Amer. J. Math.},
  FJOURNAL = {American Journal of Mathematics},
    VOLUME = {122},
      YEAR = {2000},
    NUMBER = {5},
     PAGES = {873--885},
      ISSN = {0002-9327},
   MRCLASS = {53C24},
  MRNUMBER = {1781923},
MRREVIEWER = {Mario Bonk},
       URL =
              {http://muse.jhu.edu/journals/american_journal_of_mathematics/v122/122.5ballmann.pdf},
}
@book {Eb_npc,
    AUTHOR = {Eberlein, P.},
     TITLE = {Geometry of nonpositively curved manifolds},
    SERIES = {Chicago Lectures in Mathematics},
 PUBLISHER = {University of Chicago Press, Chicago, IL},
      YEAR = {1996},
     PAGES = {vii+449},
      ISBN = {0-226-18197-9; 0-226-18198-7},
   MRCLASS = {53-02 (53C20 53C21 53C35)},
  MRNUMBER = {1441541},
MRREVIEWER = {Mar\'{\i}a J. Druetta},
}
@article {BB_diam,
    AUTHOR = {Ballmann, W. and Brin, M.},
     TITLE = {Diameter rigidity of spherical polyhedra},
   JOURNAL = {Duke Math. J.},
  FJOURNAL = {Duke Mathematical Journal},
    VOLUME = {97},
      YEAR = {1999},
    NUMBER = {2},
     PAGES = {235--259},
      ISSN = {0012-7094},
   MRCLASS = {53C24 (20F55 51F15 52C25 57Q99)},
  MRNUMBER = {1682245},
MRREVIEWER = {Raul Quiroga-Barranco},
       DOI = {10.1215/S0012-7094-99-09711-9},
       URL = {https://doi.org/10.1215/S0012-7094-99-09711-9},
}
@article {Bishop,
    AUTHOR = {Bishop, R. L.},
     TITLE = {The intrinsic geometry of a {J}ordan domain},
   JOURNAL = {Int. Electron. J. Geom.},
  FJOURNAL = {International Electronic Journal of Geometry},
    VOLUME = {1},
      YEAR = {2008},
    NUMBER = {2},
     PAGES = {33--39},
   MRCLASS = {53C70 (53C45)},
  MRNUMBER = {2443734},
MRREVIEWER = {Daniel P. Groves},
}

@article {Guo,
    AUTHOR = { Guo, C. and Wenger, S.},
     TITLE = {Area minimizing discs in locally non-compact metric spaces},
   JOURNAL = {Comm. Anal. Geom., to appear, preprint},
YEAR = {2017},
}
@article {B_higher,
    AUTHOR = {Ballmann, W.},
     TITLE = {Nonpositively curved manifolds of higher rank},
   JOURNAL = {Ann. of Math. (2)},
  FJOURNAL = {Annals of Mathematics. Second Series},
    VOLUME = {122},
      YEAR = {1985},
    NUMBER = {3},
     PAGES = {597--609},
      ISSN = {0003-486X},
   MRCLASS = {53C20},
  MRNUMBER = {819559},
MRREVIEWER = {Viktor Schroeder},
       DOI = {10.2307/1971331},
       URL = {https://doi.org/10.2307/1971331},
}


@article{Ballmann,
    AUTHOR = {W. Ballmann},
     TITLE = {On the geometry of metric spaces},
     JOURNAL= {Preprint, lecture notes,           http://people.mpim-bonn.mpg.de/hwbllmnn/archiv/sin40827.pdf},
  YEAR = {2004},
}
@article{AF_contractible,
    AUTHOR = {Adiprasito, K. and  Funar, L.},
     TITLE = {{CAT}(0) metrics on contractible manifolds},
     JOURNAL= {Preprint, https://www-fourier.ujf-grenoble.fr/~funar/opencatpolv6-subm.pdf},
  YEAR = {2019},
}

@article{Serbinowski,
    AUTHOR = {T. Serbinowski},
     TITLE = {Harmonic maps into metric spaces of curvature bounded from above},
     JOURNAL= {Thesis, University of Utah},
  YEAR = {1995},
}



@article {alexander,
    AUTHOR = {S. Alexander and  R. Bishop},
     TITLE = {Curvature bounds for wrapped products in metrics spaces},
   JOURNAL = {Geom. Funct. Anal.},
  FJOURNAL = {},
    VOLUME = {14},
      YEAR = {2004},
    NUMBER = {},
     PAGES = {1143-1181},
      ISSN = {},
     CODEN = {},
   MRCLASS = {},
  MRNUMBER = {},
MRREVIEWER = {},
}


@article {Begle,
    AUTHOR = {Begle, E.},
     TITLE = {Regular convergence},
   JOURNAL = {Duke Math. J.},
  FJOURNAL = {Duke Mathematical Journal},
    VOLUME = {11},
      YEAR = {1944},
     PAGES = {441--450},
      ISSN = {0012-7094},
   MRCLASS = {56.0X},
  MRNUMBER = {0010964},
MRREVIEWER = {D. W. Hall},
       URL = {http://projecteuclid.org/euclid.dmj/1077472654},
}
		







@article {Ly-open,
    AUTHOR = {Lytchak, A.},
     TITLE = {Open map theorem for metric spaces},
   JOURNAL = {Algebra i Analiz},
  FJOURNAL = {Rossi\u\i skaya Akademiya Nauk. Algebra i Analiz},
    VOLUME = {17},
      YEAR = {2005},
    NUMBER = {3},
     PAGES = {139--159},
      ISSN = {0234-0852},
   MRCLASS = {53C23 (49J53 53C20)},
  MRNUMBER = {2167848},
MRREVIEWER = {Koichi Nagano},
       DOI = {10.1090/S1061-0022-06-00916-2},
       URL = {http://dx.doi.org/10.1090/S1061-0022-06-00916-2},
}



@Article{Palais,
  author = 	 {R. Palais},
  title = 	 {Homotopy theory of infinite dimensional manifolds},
  journal = 	 {Topology},
  year = 	 { 1966},
  OPTkey = 	 {},
  volume = 	 {5},
  OPTnumber = 	 {},
  pages = 	 {1-16},
  OPTmonth = 	 {},
  OPTnote = 	 {},
  OPTannote = 	 {}
}

@Article{Mitch,
  author = 	 {W. Mitchell},
  title = 	 { Defining the boundary of a homology manifold},
  journal = 	 { Proc. Amer. Math. Soc.},
  year = 	 {1990},
  OPTkey = 	 {},
  volume = 	 {110},
  OPTnumber = 	 {},
  pages = 	 {509-513},
  OPTmonth = 	 {},
  OPTnote = 	 {},
  OPTannote = 	 {}
}

@Article{Duj,
  author = 	 {J. Dugundji},
  title = 	 {An extension of Tietze's theorem},
  journal = 	 {Pacific J. Math.},
  year = 	 {1951},
  OPTkey = 	 {},
  volume = 	 {1},
  OPTnumber = 	 {},
  pages = 	 {353-367},
  OPTmonth = 	 {},
  OPTnote = 	 {},
  OPTannote = 	 {}
}



@Article{bestv,
  author = 	 {M. Bestvina and G. Mess},
  title = 	 {The boundary of negatively curved groups},
  journal = 	 { J. Amer. Math. Soc.},
  year = 	 {1991},
  OPTkey = 	 {},
  volume = 	 {4},
  OPTnumber = 	 {},
  pages = 	 {469-481},
  OPTmonth = 	 {},
  OPTnote = 	 {},
  OPTannote = 	 {}
}



@Unpublished{Buyalo-lecture,
  author = 	 {S. V. Buyalo},
  title = 	 {Lectures on spaces of curvature bounded above},
  note = 	 {based on the lectures held at UIUC},
  OPTkey = 	 {},
  OPTmonth = 	 {},
  year = 	 {1994},
  OPTannote = 	 {}
}
@article {Fl_flat,
    AUTHOR = {Fleming, W. H.},
     TITLE = {Flat chains over a finite coefficient group},
   JOURNAL = {Trans. Amer. Math. Soc.},
  FJOURNAL = {Transactions of the American Mathematical Society},
    VOLUME = {121},
      YEAR = {1966},
     PAGES = {160--186},
      ISSN = {0002-9947},
   MRCLASS = {28.80},
  MRNUMBER = {185084},
MRREVIEWER = {W. P. Ziemer},
       DOI = {10.2307/1994337},
       URL = {https://doi.org/10.2307/1994337},
}
	
@article {FF_currents,
    AUTHOR = {Federer, H. and Fleming, W. H.},
     TITLE = {Normal and integral currents},
   JOURNAL = {Ann. of Math. (2)},
  FJOURNAL = {Annals of Mathematics. Second Series},
    VOLUME = {72},
      YEAR = {1960},
     PAGES = {458--520},
      ISSN = {0003-486X},
   MRCLASS = {28.80 (53.45)},
  MRNUMBER = {123260},
MRREVIEWER = {L. C. Young},
       DOI = {10.2307/1970227},
       URL = {https://doi.org/10.2307/1970227},
}
@article {W_rec,
    AUTHOR = {White, B.},
     TITLE = {Rectifiability of flat chains},
   JOURNAL = {Ann. of Math. (2)},
  FJOURNAL = {Annals of Mathematics. Second Series},
    VOLUME = {150},
      YEAR = {1999},
    NUMBER = {1},
     PAGES = {165--184},
      ISSN = {0003-486X},
   MRCLASS = {49Q15 (49Q20)},
  MRNUMBER = {1715323},
MRREVIEWER = {Stanislav Ponomarev},
       DOI = {10.2307/121100},
       URL = {https://doi.org/10.2307/121100},
}
@article {W_defo,
    AUTHOR = {White, B.},
     TITLE = {The deformation theorem for flat chains},
   JOURNAL = {Acta Math.},
  FJOURNAL = {Acta Mathematica},
    VOLUME = {183},
      YEAR = {1999},
    NUMBER = {2},
     PAGES = {255--271},
      ISSN = {0001-5962},
   MRCLASS = {49Q20 (49J45)},
  MRNUMBER = {1738045},
MRREVIEWER = {Giovanni Bellettini},
       DOI = {10.1007/BF02392829},
       URL = {https://doi.org/10.1007/BF02392829},
}

@Book{Federer,
  author = 	 {H. Federer},
  title = 	 {Geometric measure theory},
  publisher = 	 {Springer-Verlag},
  year = 	 {1969},
  OPTkey = 	 {},
  series =        {Grund. math. Wiss., Volume 153},
}


@Article{GP,
  author = 	 {K. Grove and P. Petersen},
  title = 	 {A radius sphere theorem},
  journal = 	 {Invent. Math.},
  year = 	 {1993},
  OPTkey = 	 {},
  volume = 	 {112},
  OPTnumber = 	 {},
  pages = 	 {577-583},
  OPTmonth = 	 {},
  OPTnote = 	 {},
  OPTannote = 	 {}
}




@incollection {Ots,
    AUTHOR = {Otsu, Y.},
     TITLE = {Differential geometric aspects of {Alexandrov} spaces},
 BOOKTITLE = {Comparison Geometry},
    SERIES = {M.S.R.I. Publ.},
    VOLUME = {30},
     PAGES = {135-148},
 PUBLISHER = {Cambridge Univ. Press},
      YEAR = {1997},
}






@Article{Petersen,
  author = 	 {P. Petersen},
  title = 	 {A finiteness theorem for metric spaces},
  journal = 	 {J. Differential Geom.},
  year = 	 {1990},
  OPTkey = 	 {},
  volume = 	 {31},
  OPTnumber = 	 {},
  pages = 	 {387-395},
  OPTmonth = 	 {},
  OPTnote = 	 {},
  OPTannote = 	 {}
}
@article {BE_fund,
    AUTHOR = {Ballmann, W. and Eberlein, P.},
     TITLE = {Fundamental groups of manifolds of nonpositive curvature},
   JOURNAL = {J. Differential Geom.},
  FJOURNAL = {Journal of Differential Geometry},
    VOLUME = {25},
      YEAR = {1987},
    NUMBER = {1},
     PAGES = {1--22},
      ISSN = {0022-040X},
   MRCLASS = {53C20},
  MRNUMBER = {873453},
MRREVIEWER = {Viktor Schroeder},
       URL = {http://projecteuclid.org/euclid.jdg/1214440722},
}
@article {Eb_rig,
    AUTHOR = {Eberlein, P.},
     TITLE = {Rigidity of lattices of nonpositive curvature},
   JOURNAL = {Ergodic Theory Dynam. Systems},
  FJOURNAL = {Ergodic Theory and Dynamical Systems},
    VOLUME = {3},
      YEAR = {1983},
    NUMBER = {1},
     PAGES = {47--85},
      ISSN = {0143-3857},
   MRCLASS = {53C20 (22E40 58F17)},
  MRNUMBER = {743028},
MRREVIEWER = {O. Kowalski},
       DOI = {10.1017/S0143385700001814},
       URL = {https://doi.org/10.1017/S0143385700001814},
}
@book {BGS_npc,
    AUTHOR = {Ballmann, W. and Gromov, M. and Schroeder, V.},
     TITLE = {Manifolds of nonpositive curvature},
    SERIES = {Progress in Mathematics},
    VOLUME = {61},
 PUBLISHER = {Birkh\"{a}user Boston, Inc., Boston, MA},
      YEAR = {1985},
     PAGES = {vi+263},
      ISBN = {0-8176-3181-X},
   MRCLASS = {53C20},
  MRNUMBER = {823981},
MRREVIEWER = {Gudlaugur Thorbergsson},
       DOI = {10.1007/978-1-4684-9159-3},
       URL = {https://doi.org/10.1007/978-1-4684-9159-3},
}

@Inproceedings{Petersen1,
  author = 	 {P. Petersen},
  title = 	 {Gromov-Hausdorff convergence of metric spaces},
  booktitle = 	 {Differential Geometry: Riemannian Geometry},
  OPTeditor = {},
  year = 	 {1997},
  OPTkey = 	 {},
  series = {Proc. Symp. Pure Math.},
  volume = 	 {54},
  OPTpublisher =         {},
  number = 	 {3},
  pages = 	 {489-504},
  OPTmonth = 	 {},
  OPTnote = 	 {},
  OPTannote = 	 {}
}
@article {Whitehead,
    AUTHOR = {Whitehead, J. H. C.},
     TITLE = {On adding relations to homotopy groups},
   JOURNAL = {Ann. of Math. (2)},
  FJOURNAL = {Annals of Mathematics. Second Series},
    VOLUME = {42},
      YEAR = {1941},
     PAGES = {409--428},
      ISSN = {0003-486X},
   MRCLASS = {56.0X},
  MRNUMBER = {4123},
MRREVIEWER = {R. H. Fox},
       DOI = {10.2307/1968907},
       URL = {https://doi.org/10.2307/1968907},
}
@article {Papa,
    AUTHOR = {Papakyriakopoulos, C. D.},
     TITLE = {On {D}ehn's lemma and the asphericity of knots},
   JOURNAL = {Ann. of Math. (2)},
  FJOURNAL = {Annals of Mathematics. Second Series},
    VOLUME = {66},
      YEAR = {1957},
     PAGES = {1--26},
      ISSN = {0003-486X},
   MRCLASS = {55.0X},
  MRNUMBER = {90053},
MRREVIEWER = {R. H. Fox},
       DOI = {10.2307/1970113},
       URL = {https://doi.org/10.2307/1970113},
}
@article {NSY,
    AUTHOR = {Nagano, K. and Shioya, T. and Yamaguchi, T.},
     TITLE = {Two-dimensional {A}lexandrov spaces with curvature bounded above {I}},
   JOURNAL = {arXiv: 2102.00623},
	 YEAR = {2021}
	}

@article {jywu,
    AUTHOR = {Wu, J.},
     TITLE = {Topological regularity theorems for {A}lexandrov spaces},
   JOURNAL = {J. Math. Soc. Japan},
  FJOURNAL = {Journal of the Mathematical Society of Japan},
    VOLUME = {49},
      YEAR = {1997},
    NUMBER = {4},
     PAGES = {741--757},
      ISSN = {0025-5645},
   MRCLASS = {53C23 (53C20)},
  MRNUMBER = {1466363},
MRREVIEWER = {Zhongmin Shen},
       DOI = {10.2969/jmsj/04940741},
       URL = {https://doi.org/10.2969/jmsj/04940741},
}
@article {Hanner,
    AUTHOR = {Hanner, O.},
     TITLE = {Some theorems on absolute neighborhood retracts},
   JOURNAL = {Ark. Mat.},
  FJOURNAL = {Arkiv f\"{o}r Matematik},
    VOLUME = {1},
      YEAR = {1951},
     PAGES = {389--408},
      ISSN = {0004-2080},
   MRCLASS = {56.0X},
  MRNUMBER = {43459},
MRREVIEWER = {E. G. Begle},
       DOI = {10.1007/BF02591376},
       URL = {https://doi.org/10.1007/BF02591376},
}

@Comment{jabref-meta: databaseType:bibtex;}
