@article {borsuk,
    AUTHOR = {Borsuk, K.},
     TITLE = {Sur la courbure totale des courbes ferm\'{e}es},
   JOURNAL = {Ann. Soc. Polon. Math.},
    VOLUME = {20},
      YEAR = {1947},
     PAGES = {251--265},
   MRCLASS = {52.0X},
  MRNUMBER = {0025757},
MRREVIEWER = {W. Fenchel},
}

@article {CG_embed,
    AUTHOR = {Choe, J. and Gulliver, R.},
     TITLE = {Embedded minimal surfaces and total curvature of curves in a
              manifold},
   JOURNAL = {Math. Res. Lett.},
  FJOURNAL = {Mathematical Research Letters},
    VOLUME = {10},
      YEAR = {2003},
    NUMBER = {2-3},
     PAGES = {343--362},
      ISSN = {1073-2780},
   MRCLASS = {53A10},
  MRNUMBER = {1981908},
MRREVIEWER = {Val\'{e}rio Ramos Batista},
       DOI = {10.4310/MRL.2003.v10.n3.a5},
       URL = {https://doi.org/10.4310/MRL.2003.v10.n3.a5},
}

@book {denne,
    AUTHOR = {Denne, E.},
     TITLE = {Alternating quadrisecants of knots},
      NOTE = {Ph.D. thesis--UIUC},
% PUBLISHER = {ProQuest LLC, Ann Arbor, MI},
      YEAR = {2004},
    % PAGES = {119},
     % ISBN = {978-0496-78156-0},
   MRCLASS = {Thesis},
  MRNUMBER = {2705934},
}


@article {EWW_embed,
    AUTHOR = {Ekholm, T. and White, B. and Wienholtz, D.},
     TITLE = {Embeddedness of minimal surfaces with total boundary curvature
              at most {$4\pi$}},
   JOURNAL = {Ann. of Math. (2)},
  FJOURNAL = {Annals of Mathematics. Second Series},
    VOLUME = {155},
      YEAR = {2002},
    NUMBER = {1},
     PAGES = {209--234},
      ISSN = {0003-486X},
   MRCLASS = {53A10 (49Q05)},
  MRNUMBER = {1888799},
MRREVIEWER = {Harold Parks},
       DOI = {10.2307/3062155},
       URL = {https://doi.org/10.2307/3062155},
}

@article {fary,
    AUTHOR = {F\'{a}ry, I.},
     TITLE = {Sur la courbure totale d'une courbe gauche faisant un n\oe ud},
   JOURNAL = {Bull. Soc. Math. France},
  FJOURNAL = {Bulletin de la Soci\'{e}t\'{e} Math\'{e}matique de France},
    VOLUME = {77},
      YEAR = {1949},
     PAGES = {128--138},
      ISSN = {0037-9484},
   MRCLASS = {53.0X},
  MRNUMBER = {33118},
MRREVIEWER = {W. Fenchel},
       URL = {http://www.numdam.org/item?id=BSMF_1949__77__128_0},
}

@article {milnor,
    AUTHOR = {Milnor, J.},
     TITLE = {On the total curvature of knots},
   JOURNAL = {Ann. of Math. (2)},
  FJOURNAL = {Annals of Mathematics. Second Series},
    VOLUME = {52},
      YEAR = {1950},
     PAGES = {248--257},
      ISSN = {0003-486X},
   MRCLASS = {56.0X},
  MRNUMBER = {0037509},
MRREVIEWER = {J. Nielsen},
       DOI = {10.2307/1969467},
       URL = {https://doi.org/10.2307/1969467},
}

@article {pannwitz,
    AUTHOR = {Pannwitz, E.},
     TITLE = {Eine elementargeometrische {E}igenschaft von {V}erschlingungen
              und {K}noten},
   JOURNAL = {Math. Ann.},
  FJOURNAL = {Mathematische Annalen},
    VOLUME = {108},
      YEAR = {1933},
    NUMBER = {1},
     PAGES = {629--672},
      ISSN = {0025-5831},
   MRCLASS = {DML},
  MRNUMBER = {1512869},
       DOI = {10.1007/BF01452857},
       URL = {https://doi.org/10.1007/BF01452857},
}

@article {schmitz,
    AUTHOR = {Schmitz, C.},
     TITLE = {The theorem of {F}\'{a}ry and {M}ilnor for {H}adamard manifolds},
   JOURNAL = {Geom. Dedicata},
  FJOURNAL = {Geometriae Dedicata},
    VOLUME = {71},
      YEAR = {1998},
    NUMBER = {1},
     PAGES = {83--90},
      ISSN = {0046-5755},
   MRCLASS = {57M25 (53C21)},
  MRNUMBER = {1624734},
MRREVIEWER = {S. V. Duzhin},
       DOI = {10.1023/A:1005090710096},
       URL = {https://doi.org/10.1023/A:1005090710096},
}

@article {St_structure,
    AUTHOR = {Stadler, S.},
     TITLE = {The structure of minimal surfaces in {CAT}(0) spaces},
   JOURNAL = {J. Eur. Math. Soc. (JEMS)},
  FJOURNAL = {Journal of the European Mathematical Society (JEMS)},
    VOLUME = {23},
      YEAR = {2021},
    NUMBER = {11},
     PAGES = {3521--3554},
      ISSN = {1435-9855},
   MRCLASS = {53C23 (53A10 53C20)},
  MRNUMBER = {4310811},
       DOI = {10.4171/jems/1075},
       URL = {https://doi.org/10.4171/jems/1075},
}



